timestamp,bid1,ask1,bidSize1,askSize1,bidSize2,askSize2,bidSize3,askSize3,bidSize4,askSize4,bidSize5,askSize5,bidSize6,askSize6,bidSize7,askSize7,bidSize8,askSize8,bidSize9,askSize9,bidSize10,askSize10
2024-01-01 00:00:00,99.9967392218282,100.01544946136198,1092.14,1478.96,1567.63,855.87,478.96,2146.49,867.06,603.73,1513.73,431.53,1033.34,381.14,2082.7,1488.06,454.77,706.08,429.56,932.22,1469.38,1728.38
2024-01-01 00:00:01,99.97604337419726,99.99454594474331,1541.73,1178.65,907.9,552.63,1221.64,2252.63,1451.51,864.59,665.69,969.02,702.28,700.18,1099.51,572.45,1571.52,1122.08,558.23,486.41,905.77,959.31
2024-01-01 00:00:02,99.99204533316767,100.00856203360514,885.04,2209.35,1232.42,1455.91,995.66,1106.82,761.14,577.44,1866.91,970.1,763.66,671.64,864.12,2056.72,451.24,789.02,699.9,675.04,1294.39,896.86
2024-01-01 00:00:03,100.0080437703926,100.03018618503587,1173.86,676.47,1349.53,1125.05,1317.18,2485.9,2840.15,1003.59,688.03,630.41,444.99,924.03,591.39,529.7,703.4,4206.98,614.37,2460.7,1047.94,1865.46
2024-01-01 00:00:04,99.9695076584719,99.99068088941043,1870.73,1456.02,2159.4,920.59,1286.79,930.8,2917.23,895.66,836.79,3281.92,442.08,908.4,1693.15,754.24,398.8,949.07,685.57,1294.97,1297.0,175.31
2024-01-01 00:00:05,99.94802730804959,99.96007405955824,950.1,1217.33,908.94,280.48,554.11,2087.65,994.61,422.29,1651.74,669.26,1010.03,383.46,660.27,2460.61,535.92,993.88,667.11,3044.36,1216.73,2701.9
2024-01-01 00:00:06,99.95073630685536,99.96247867687916,1187.44,1867.57,670.15,496.16,331.09,1086.26,1233.69,1980.02,638.36,1214.6,1411.33,831.17,685.19,1192.16,610.21,1250.88,1079.59,477.78,3250.63,753.2
2024-01-01 00:00:07,99.93922092888738,99.9613443511534,1454.29,1386.21,1070.48,1548.36,1196.53,1129.41,416.63,815.51,570.54,908.48,284.94,685.81,2374.86,949.3,2146.19,1529.65,1217.02,3367.24,1069.89,547.65
2024-01-01 00:00:08,99.94198483294228,99.9579084007983,460.34,1883.97,896.15,1210.95,2450.26,449.05,1067.91,952.33,754.03,913.02,415.18,999.19,1994.02,1688.58,965.56,2684.35,415.46,1910.83,629.94,1112.27
2024-01-01 00:00:09,99.92213063543107,99.94364084120659,527.94,1175.81,936.25,2827.74,1109.23,588.98,777.55,1860.86,1474.8,563.47,1040.19,466.39,1700.9,1371.06,836.44,436.57,4584.42,821.68,754.09,1988.01
2024-01-01 00:00:10,99.93852136887081,99.96242602676135,636.57,633.22,598.61,2455.65,899.9,323.43,423.26,1685.62,1158.68,500.54,385.72,907.41,1084.19,1113.91,508.84,868.36,826.42,879.3,1352.93,484.13
2024-01-01 00:00:11,99.95920691861818,99.97285215443114,3164.58,2028.89,583.33,540.69,927.6,540.45,696.37,952.55,647.31,705.81,699.43,1520.88,1509.88,765.84,783.47,999.41,3079.16,1058.92,1231.2,1627.26
2024-01-01 00:00:12,99.96087899361233,99.97382130733943,603.5,768.09,832.47,433.49,669.7,667.1,1491.88,1765.89,440.7,1190.09,511.47,830.93,743.96,1031.03,1407.02,875.63,1852.49,1482.67,1994.26,1183.81
2024-01-01 00:00:13,99.97570889540926,100.00408105382122,1303.3,869.84,959.4,1582.22,1487.82,1801.11,564.25,631.49,397.59,637.29,1243.98,3321.77,604.81,1367.58,967.87,2304.05,1061.64,1562.34,1132.08,1258.24
2024-01-01 00:00:14,99.98836623450289,100.0101240884177,1598.23,343.58,1515.94,543.03,1102.41,1384.25,801.71,636.06,1055.36,928.55,742.22,1576.45,906.45,1070.17,3702.79,1220.66,1095.37,2001.66,1252.48,2103.26
2024-01-01 00:00:15,99.9731074138443,99.99101121056094,702.76,972.24,1665.35,1890.75,1462.48,618.53,1467.67,1120.07,1113.43,1327.12,1677.15,948.66,1888.61,894.92,1152.06,571.38,944.3,982.37,1564.06,447.43
2024-01-01 00:00:16,99.98176917901588,99.99709947675265,636.31,935.58,698.39,1030.61,973.7,1451.53,418.67,555.35,1512.55,1185.23,617.88,1329.56,789.98,989.03,898.85,1250.71,1019.84,1144.47,842.13,272.44
2024-01-01 00:00:17,99.96153277798996,99.97898057374542,966.88,630.61,970.63,2919.4,799.7,1388.21,679.36,740.22,1717.27,1201.19,349.17,1426.88,902.26,2160.98,791.01,823.11,1232.93,742.29,483.29,779.68
2024-01-01 00:00:18,99.98080211273412,99.99484925105355,778.88,751.49,950.11,738.97,1707.51,1098.22,1180.68,810.16,553.36,969.44,783.69,2550.22,1557.41,619.44,548.6,1183.43,961.44,566.77,995.45,1589.64
2024-01-01 00:00:19,99.97461863323888,99.99903569410934,824.57,1749.78,3849.24,648.02,813.54,706.15,1252.18,1395.65,681.71,871.76,1301.96,2031.1,1545.57,548.31,745.29,1713.48,973.02,3061.06,639.13,1216.58
2024-01-01 00:00:20,99.97507179428723,99.9911880385192,564.28,727.28,1679.33,678.04,758.05,922.18,299.15,1402.18,2417.36,473.88,669.62,856.51,884.1,1068.02,2271.53,2175.11,931.58,2536.67,921.58,936.32
2024-01-01 00:00:21,99.95677748904458,99.98224516198567,541.13,574.54,441.57,1072.59,920.17,1091.97,1198.9,1809.52,1165.05,801.04,786.13,609.87,1010.18,994.19,399.08,843.62,1258.71,832.5,1084.05,647.82
2024-01-01 00:00:22,99.98496372458803,100.00296057998918,2682.72,533.8,1003.75,1356.87,624.17,1141.11,974.96,669.14,848.83,1506.77,1242.78,398.0,1013.54,815.46,532.61,1113.69,441.37,1740.07,1140.49,757.48
2024-01-01 00:00:23,99.98347993810627,99.99826318718819,1996.82,1754.21,1040.47,721.9,1501.78,1507.92,1659.31,2318.87,1142.7,606.55,665.48,1078.66,1102.58,1310.37,1828.57,536.8,1303.36,1241.41,1453.72,753.36
2024-01-01 00:00:24,99.973370760174,99.99123925223394,793.52,656.09,903.77,809.24,942.36,780.33,974.66,1492.34,1793.16,999.55,309.26,3175.18,1015.39,764.87,961.03,1267.37,503.71,927.43,1399.18,528.3
2024-01-01 00:00:25,99.97182275213795,99.97870191825045,696.11,2214.93,836.51,1061.61,2520.33,676.73,1656.96,1221.31,1332.75,1676.5,1209.72,654.14,920.96,1025.49,2717.44,1682.31,1493.44,1086.04,687.44,1319.28
2024-01-01 00:00:26,99.97621044034696,99.99560659746359,496.56,876.32,1327.66,455.46,972.45,881.71,489.45,755.55,1238.99,946.95,874.14,759.69,1303.86,1088.88,1247.16,840.84,737.76,1498.44,1372.21,1360.47
2024-01-01 00:00:27,99.98364269817037,100.00279210221473,779.62,629.88,805.38,1874.39,766.34,696.54,1760.31,569.98,869.11,1694.99,1986.2,743.67,2439.38,1050.13,691.18,525.23,232.12,832.76,1685.82,943.95
2024-01-01 00:00:28,99.98941019555811,100.01353390929084,842.83,821.79,648.5,773.44,745.01,1020.7,812.69,1640.53,1912.85,624.5,1083.24,282.6,1899.9,1858.48,1280.32,719.53,856.74,750.84,822.69,761.33
2024-01-01 00:00:29,100.0048042348046,100.01537271016468,1324.19,514.7,1507.14,820.82,1646.08,869.44,877.42,1243.12,1091.55,760.45,1339.13,295.03,825.32,512.39,566.96,1746.73,668.22,657.0,886.46,1313.78
2024-01-01 00:00:30,100.04001675859989,100.0658260904042,1392.5,699.97,1876.65,1501.43,507.62,1050.79,741.8,484.0,836.16,556.84,1487.89,474.79,767.93,1578.12,806.65,532.92,493.62,831.41,1273.42,960.66
2024-01-01 00:00:31,100.03274162593685,100.05684462241184,922.47,1117.4,721.07,794.12,878.31,454.86,1756.81,546.95,605.05,590.97,656.5,266.04,1870.35,1240.85,1038.61,1287.52,1397.77,585.14,1222.47,1919.89
2024-01-01 00:00:32,100.02141816068367,100.04767837850217,982.49,948.19,840.17,1527.67,1515.55,1473.96,1788.13,935.12,1719.6,362.53,552.81,1104.64,1920.25,1301.09,836.13,721.6,685.56,1083.73,918.82,985.77
2024-01-01 00:00:33,100.00840461846796,100.02814101158795,1515.23,620.86,1310.27,951.29,880.12,775.22,1520.19,1206.27,1072.43,744.53,750.9,700.59,701.86,440.93,1227.67,3013.87,959.58,797.49,502.7,568.21
2024-01-01 00:00:34,100.01805766139422,100.04312714556472,1527.42,1352.23,786.52,1097.97,2216.79,1315.35,495.84,1386.87,913.61,1730.71,704.7,587.21,614.03,1076.04,783.96,454.06,2423.67,857.82,1074.32,1398.4
2024-01-01 00:00:35,100.04684995942117,100.05949373924662,673.1,639.16,400.79,3050.9,422.87,1009.06,764.73,404.48,728.44,1422.79,894.02,3034.65,321.07,326.86,955.19,1429.35,1671.74,609.77,2251.1,973.35
2024-01-01 00:00:36,100.03911028126777,100.0626755190938,387.82,519.66,669.85,1532.27,652.39,852.82,1075.58,1786.38,543.41,597.62,2318.99,901.86,1022.0,314.47,940.28,3665.1,2217.45,2611.25,992.01,2973.19
2024-01-01 00:00:37,100.02601767754679,100.0421618637363,1221.59,2152.33,687.02,744.2,503.96,978.17,736.99,1156.87,2984.67,1205.9,1372.33,578.25,1147.13,563.89,613.74,512.46,1577.16,807.94,507.2,852.17
2024-01-01 00:00:38,100.01172865090878,100.02347164174667,456.79,797.45,756.2,1133.84,2657.13,500.85,2582.99,652.34,798.02,683.75,713.84,1506.03,440.35,1103.78,1039.79,1184.24,1084.38,626.9,1484.05,1020.45
2024-01-01 00:00:39,100.02342235337962,100.03780165078881,1576.73,678.95,906.0,690.67,1320.5,1202.96,704.46,723.65,1308.03,948.61,775.99,873.76,1258.26,555.93,1208.34,749.2,1035.0,755.22,1487.76,826.26
2024-01-01 00:00:40,100.0354632576617,100.05549091335486,456.03,405.98,587.16,694.45,873.69,1577.64,485.96,1244.45,815.93,818.95,829.18,554.4,1924.84,1051.48,1073.87,1622.29,1673.16,2135.12,1162.81,769.51
2024-01-01 00:00:41,100.04840091889493,100.06427942285383,765.04,588.58,1069.14,1272.37,1440.1,1196.68,1816.12,1005.23,935.99,727.89,438.78,519.74,423.63,1401.16,849.42,1565.6,310.69,835.28,2453.59,2352.01
2024-01-01 00:00:42,100.03208979289937,100.05397016055784,1347.79,1125.37,727.72,916.24,574.17,553.53,1672.07,427.31,573.03,774.16,601.03,1202.47,681.83,3211.67,1058.7,1034.36,1363.97,1344.64,1815.45,661.25
2024-01-01 00:00:43,100.04219379707746,100.05315260930243,1686.21,1109.96,1000.39,1039.76,1665.73,623.29,714.98,1952.46,402.35,935.17,714.93,1737.91,668.23,1004.84,729.06,847.3,618.98,676.62,794.09,839.31
2024-01-01 00:00:44,100.0453246632318,100.05468917551373,1363.44,2079.96,2357.56,638.05,422.03,1395.37,525.26,855.91,673.19,1342.79,1466.49,1108.98,902.6,513.43,696.24,1086.37,1430.99,2953.14,1613.16,1166.19
2024-01-01 00:00:45,100.04094972272199,100.0678116598927,990.66,1589.68,664.91,1160.22,1144.7,1483.07,889.91,698.36,886.47,941.09,773.99,1552.77,1588.03,839.39,1133.08,1709.3,1678.42,605.46,1950.65,1029.84
2024-01-01 00:00:46,100.05954976654279,100.0840687671898,1257.96,878.59,776.28,3740.2,1682.3,822.92,1262.17,1233.81,3675.48,369.46,1167.72,557.71,1417.43,1165.18,1156.28,876.39,951.66,884.86,878.63,850.03
2024-01-01 00:00:47,100.06890441993157,100.08365793575202,1158.5,911.64,1297.69,424.97,1781.03,957.54,1166.99,896.14,793.39,1704.44,849.23,1518.27,516.09,243.08,2294.71,692.59,762.93,2462.19,1622.1,1572.96
2024-01-01 00:00:48,100.0798669482119,100.09985194999456,1148.29,1278.17,1164.0,777.74,942.97,1447.81,674.42,468.77,616.15,753.55,2373.18,1188.18,1058.64,1355.01,1755.29,1114.27,1998.61,1217.48,814.3,1085.56
2024-01-01 00:00:49,100.07866226284251,100.10375979814351,1235.84,854.17,1022.76,1954.92,560.68,2523.57,911.43,974.92,1341.45,555.64,779.18,889.17,850.08,1044.38,916.97,331.21,2874.17,1952.75,399.71,726.77
2024-01-01 00:00:50,100.08594541694609,100.10804141998753,1285.08,661.4,881.02,843.85,725.91,789.49,870.28,1028.75,1396.11,1484.13,1436.57,1892.26,1097.47,1484.78,1726.97,624.13,1885.92,946.94,1504.09,1053.73
2024-01-01 00:00:51,100.09924862524312,100.11998974072404,761.02,1166.03,1280.46,1277.16,1283.51,1039.66,665.1,957.71,456.25,1576.75,363.71,935.76,1035.54,1613.6,1160.7,1501.89,553.83,2067.56,1687.11,1115.02
2024-01-01 00:00:52,100.06773818138319,100.09321395178975,1079.08,2058.23,1963.5,859.2,1203.54,1188.64,586.74,1465.95,1257.52,603.3,1398.02,821.69,760.48,716.1,486.24,971.61,1051.43,766.17,606.27,1054.72
2024-01-01 00:00:53,100.06590942344734,100.08225586107132,1751.45,961.78,815.8,869.6,2368.6,1078.32,345.74,710.92,1069.72,649.8,2043.57,550.67,640.73,409.02,923.49,711.88,817.49,1309.19,710.43,905.87
2024-01-01 00:00:54,100.05459724305182,100.07475313529513,1130.11,1006.11,523.24,816.81,946.03,2627.7,1294.34,1086.3,898.03,752.51,606.47,589.53,1673.79,2355.13,1440.7,496.11,594.17,672.08,523.59,672.28
2024-01-01 00:00:55,100.04194225380432,100.06185301061286,621.29,982.8,1313.42,1194.26,1147.73,1034.81,1484.45,833.33,849.53,497.29,629.79,2530.23,1583.16,1141.63,758.26,1328.18,1097.76,713.19,460.72,861.95
2024-01-01 00:00:56,100.03707669230324,100.0557128820649,752.09,1797.56,1656.49,332.01,698.98,1464.85,1502.68,883.81,311.76,1231.2,756.01,2298.95,917.89,787.49,2389.94,258.98,557.37,579.45,1398.63,1006.48
2024-01-01 00:00:57,100.0672681271873,100.0853190996302,1696.33,2280.85,697.16,823.59,829.64,2168.47,1073.38,312.76,476.76,777.41,796.48,1680.26,1892.8,1603.09,1298.65,376.4,924.62,657.03,1058.16,933.14
2024-01-01 00:00:58,100.04879482050032,100.06915916168947,1337.03,717.45,1471.39,1794.35,757.14,1006.46,2154.07,485.69,1931.26,1259.03,1403.02,1292.84,656.08,562.92,600.43,640.51,849.33,700.58,1030.85,1980.39
2024-01-01 00:00:59,100.06825653944675,100.08842857692669,413.03,956.82,1280.62,331.32,1903.57,547.88,1334.07,1430.37,713.18,815.38,672.2,541.35,1161.75,827.6,926.21,1633.39,1247.97,2968.51,1351.02,971.43
2024-01-01 00:01:00,100.03730623186074,100.05206409364807,1726.24,1277.36,567.76,951.14,1117.18,1115.69,833.82,629.71,951.88,2059.59,1540.65,795.17,1626.72,577.11,2012.19,680.74,1237.13,1394.43,946.48,705.08
2024-01-01 00:01:01,100.02598297237994,100.04999195192944,881.23,2134.73,420.05,1376.82,1953.98,1538.42,851.34,811.11,1287.82,732.92,1404.24,1016.6,536.52,552.35,630.23,1266.43,2167.36,1581.91,1156.29,707.5
2024-01-01 00:01:02,100.0336834864762,100.04880156043737,748.04,1411.82,938.78,1135.79,1721.37,1747.39,1595.45,2274.6,480.45,1478.27,2264.02,972.25,1621.05,1827.38,926.6,1023.94,551.09,875.66,1693.85,737.21
2024-01-01 00:01:03,100.04351255369534,100.06242138647261,1268.98,1050.09,482.44,1652.98,890.44,597.06,4773.53,537.9,1008.29,543.27,690.05,1666.86,603.96,1220.32,2425.53,2090.15,1527.88,771.44,2021.26,542.62
2024-01-01 00:01:04,100.05792970286163,100.07645330049803,1132.12,2178.19,1872.0,692.31,654.32,1402.04,1084.69,513.19,1154.34,1094.6,1996.16,921.67,1172.83,490.67,731.43,2575.31,1032.56,641.36,432.49,626.5
2024-01-01 00:01:05,100.07216318735219,100.09395370541547,313.33,720.96,1515.39,336.37,829.14,849.1,877.47,721.05,1515.09,1642.4,2010.74,1171.13,1306.36,530.52,2622.26,721.31,1285.75,2938.39,1163.12,633.85
2024-01-01 00:01:06,100.0713817047894,100.08078618508831,1127.72,1509.49,525.85,711.73,1612.84,605.61,294.42,762.67,745.93,2085.9,1011.53,480.14,673.76,1388.59,797.82,1839.91,2508.51,758.82,1736.74,1646.27
2024-01-01 00:01:07,100.05460963454824,100.07906418362289,709.7,1523.02,790.74,668.12,528.08,621.95,1422.62,925.91,882.61,1055.57,374.1,831.21,1051.68,1326.47,1245.44,679.17,1618.61,633.93,963.99,1001.98
2024-01-01 00:01:08,100.07568890257974,100.09230395084168,830.0,1121.02,2699.68,1927.0,1003.3,1255.04,1433.02,1425.76,763.56,841.55,1411.93,844.41,482.96,727.77,793.71,1095.71,546.55,1075.51,738.98,1049.61
2024-01-01 00:01:09,100.06712043197614,100.09322024845001,1868.69,903.66,736.27,978.91,1432.08,2289.72,2135.35,1147.02,986.31,1338.71,1643.59,1264.19,1304.14,916.57,1059.95,1307.92,1455.22,1010.46,2509.21,535.18
2024-01-01 00:01:10,100.0458520260576,100.06346120143503,727.14,748.02,619.03,2709.46,601.12,1792.14,1644.13,861.2,1758.89,1401.39,764.51,1115.55,343.69,2390.23,713.64,937.26,1315.12,1118.78,967.19,671.3
2024-01-01 00:01:11,100.02211297843058,100.04186876050193,1094.36,935.01,769.76,253.96,1660.38,1138.66,1187.2,1651.63,1340.75,2330.58,1082.78,1271.87,1299.77,833.02,1257.7,663.17,628.74,788.48,1205.06,449.67
2024-01-01 00:01:12,99.99881735864604,100.02838628884639,1485.5,881.69,1781.7,541.82,1231.28,741.85,617.16,902.88,666.54,1179.02,804.47,437.99,1099.36,842.35,940.71,1409.18,570.14,2013.5,568.44,963.51
2024-01-01 00:01:13,100.01423838414928,100.0328516931053,350.2,2999.96,210.19,1419.27,936.23,1031.32,3190.3,1862.11,2455.65,776.04,613.17,592.19,1077.83,1591.12,480.81,1303.87,518.89,1685.59,549.51,1666.24
2024-01-01 00:01:14,100.01329642863703,100.03949067806039,893.37,2732.33,912.81,483.98,1134.68,837.57,1393.21,865.94,844.98,1792.04,1018.27,1204.87,578.74,1795.52,510.56,1152.08,472.61,990.8,1383.51,1405.45
2024-01-01 00:01:15,100.03010564771616,100.05030087314397,844.55,1139.56,392.37,1215.16,968.95,1385.34,535.58,1242.19,2293.75,1634.56,748.7,1026.24,1406.01,1088.5,1723.71,606.26,620.35,1634.83,1038.76,2352.91
2024-01-01 00:01:16,100.0206196604276,100.04269675457905,1318.82,406.14,1059.47,1377.79,1197.88,929.61,514.37,911.94,1319.19,1368.66,784.21,985.25,1190.92,1216.85,1584.07,835.4,1397.11,2122.06,1190.48,890.03
2024-01-01 00:01:17,100.02465410485134,100.0450038977984,1378.59,683.44,1410.87,1189.44,2112.24,658.71,983.12,1124.58,1085.43,2278.56,1593.66,977.84,782.55,508.05,512.92,812.57,1279.69,1501.14,902.12,1054.9
2024-01-01 00:01:18,100.03522118013846,100.05946043826997,546.75,1419.98,1284.37,728.81,2045.35,813.85,442.7,1372.76,1667.23,2237.7,281.24,823.96,818.61,1018.87,2509.94,1733.17,848.6,1067.72,1046.0,1375.6
2024-01-01 00:01:19,100.03286770744194,100.04944004937767,1464.38,690.68,423.91,1001.78,1036.7,732.94,1032.63,430.51,2537.45,642.6,539.09,1251.2,826.32,1317.73,628.65,1468.58,596.18,1289.79,1757.16,894.94
2024-01-01 00:01:20,100.0427495044685,100.05782926185341,1013.41,399.9,757.46,564.36,771.88,1737.37,754.57,656.34,789.07,963.44,531.41,1031.87,878.65,500.27,835.6,1180.7,684.62,2146.61,1080.61,990.67
2024-01-01 00:01:21,100.02864730481556,100.04545442386367,1127.43,874.03,757.05,560.35,930.47,872.02,2942.65,1310.79,2887.0,996.82,590.35,802.63,633.04,1653.59,588.78,877.4,1696.43,807.41,819.33,1073.16
2024-01-01 00:01:22,100.01954051146751,100.04003906334913,1127.31,1922.25,2714.16,925.64,994.78,642.26,1423.51,1313.78,1297.2,847.15,745.2,1319.72,1698.22,359.03,653.87,1018.58,1954.12,883.11,745.48,618.91
2024-01-01 00:01:23,100.01270707649222,100.03160298256448,787.43,545.27,580.28,869.33,629.94,585.84,807.85,226.97,296.51,555.63,889.88,543.73,775.7,1014.74,1484.39,551.89,1235.52,999.67,702.0,620.91
2024-01-01 00:01:24,99.9864625494254,100.01001392380775,795.11,1478.83,889.31,1206.02,2102.19,860.66,662.89,1074.62,697.76,1332.93,568.76,1031.05,476.63,1073.14,1165.91,348.66,1106.78,771.69,1899.1,677.54
2024-01-01 00:01:25,99.99471585698272,100.02123951548184,1683.21,1691.17,3315.33,822.66,963.74,713.65,877.86,1337.04,521.99,467.9,1416.64,957.83,1061.06,372.25,1384.91,697.58,565.77,793.37,1192.2,2072.04
2024-01-01 00:01:26,99.99102923527131,100.00615004358515,1108.05,928.25,1071.99,640.67,710.61,935.44,1812.42,2055.08,2787.52,357.98,573.97,1471.51,1433.65,1208.84,237.18,943.34,1396.97,856.16,392.56,2051.47
2024-01-01 00:01:27,99.99067439378182,100.00700464982374,769.14,1432.18,518.66,595.22,897.8,1011.23,1521.04,1863.79,395.08,1308.58,835.49,1140.17,773.61,521.24,2204.55,3179.35,1240.95,1434.36,555.1,2439.35
2024-01-01 00:01:28,100.00204505352669,100.01486385643513,790.06,1162.58,2177.23,990.92,1429.3,724.56,631.84,1628.42,875.0,2114.45,889.09,1683.14,764.15,3088.96,425.24,1067.72,712.62,733.12,2002.91,1137.29
2024-01-01 00:01:29,100.0023091460246,100.03246101097841,826.49,1494.87,949.68,876.88,1072.79,978.52,3031.54,1112.84,1004.45,1279.91,1728.01,1069.72,741.49,1111.22,878.36,1374.31,1006.3,1468.62,679.05,780.75
2024-01-01 00:01:30,100.01993110693314,100.04145445442876,903.16,399.26,1558.97,595.05,670.2,1259.26,1000.04,693.91,1425.28,1141.99,662.17,971.78,1729.28,1034.04,1037.11,1278.49,920.76,1813.03,366.38,991.71
2024-01-01 00:01:31,100.01752356519063,100.0399225767909,829.6,593.89,1204.18,1168.23,2393.3,1428.29,1328.36,324.06,1756.12,696.86,546.32,1014.73,938.56,786.51,1841.12,1069.54,641.55,731.95,1620.3,1597.66
2024-01-01 00:01:32,100.01360762571247,100.02690658378731,1442.91,1026.03,1147.24,406.62,848.44,1441.51,610.7,1488.03,2429.51,981.51,1371.54,398.64,1185.67,1569.85,813.49,599.89,1019.12,834.73,1085.85,750.45
2024-01-01 00:01:33,100.00866566550427,100.02865981555924,1221.33,486.87,1443.64,1003.07,676.22,1106.69,480.32,1058.34,1043.04,900.63,417.44,689.02,850.59,2084.54,775.23,1097.1,1278.74,626.41,2694.73,1246.36
2024-01-01 00:01:34,99.97364293189156,99.99618917181363,378.21,1199.87,3117.69,1360.25,890.0,984.02,1189.94,732.48,492.92,504.23,1646.14,767.09,1020.95,436.85,969.73,1162.3,379.58,447.95,1037.59,837.17
2024-01-01 00:01:35,99.94660569663047,99.96534190817779,1526.4,1439.77,888.57,886.0,1798.76,970.89,1762.0,1248.24,725.75,1292.6,2220.11,1680.27,1022.91,1325.34,1025.18,1195.91,1050.74,375.04,1035.27,1128.43
2024-01-01 00:01:36,99.91683054609499,99.94220907421911,268.46,2291.68,911.42,1382.24,505.62,1623.89,2255.04,713.81,2210.11,966.16,1531.07,1326.16,887.6,1247.96,604.1,1484.46,719.79,567.13,2641.43,672.64
2024-01-01 00:01:37,99.89379529579091,99.92535445141911,707.44,523.67,307.96,1138.06,1673.78,910.61,2117.53,907.3,2292.42,711.54,1680.64,655.91,1823.5,1000.92,1026.82,1739.64,354.11,2189.56,1014.04,2193.42
2024-01-01 00:01:38,99.90993801520722,99.92520270107175,1364.5,791.19,934.6,553.49,913.55,1555.58,617.51,1891.38,606.0,1232.2,2506.97,988.59,2552.76,730.93,998.68,1353.61,1151.15,1333.57,612.36,1151.99
2024-01-01 00:01:39,99.89201599514723,99.90690555891734,1378.9,575.09,2410.48,608.48,465.51,954.13,1261.05,1683.61,1309.32,1575.92,1301.87,819.1,2273.7,401.14,2767.68,1949.61,889.81,1859.77,1400.16,1063.92
2024-01-01 00:01:40,99.88409191611531,99.89970313578768,1043.02,806.55,729.02,857.62,1145.0,1592.92,1398.99,1307.93,1114.57,807.34,643.66,3006.59,793.12,465.34,796.16,740.23,656.24,748.55,1169.73,1054.46
2024-01-01 00:01:41,99.90386659400717,99.93189758980726,1232.51,1761.54,1631.92,1513.36,651.28,1065.4,749.21,515.02,2175.56,1612.17,921.04,566.88,1015.18,817.99,916.17,962.93,1762.12,667.82,1796.62,661.35
2024-01-01 00:01:42,99.89815092419342,99.92336270077855,1744.74,1557.99,1013.37,2069.08,646.48,963.69,2618.51,410.86,1534.42,1150.58,795.86,706.05,2037.88,1197.57,765.06,1159.22,2024.56,390.32,2094.14,822.68
2024-01-01 00:01:43,99.91584594339982,99.93516830431084,630.82,1360.94,1337.6,954.48,1478.6,578.0,3696.75,1388.4,689.94,434.86,2046.79,1124.14,1008.71,763.74,537.58,1242.38,941.77,892.2,1001.23,1275.18
2024-01-01 00:01:44,99.89674337109413,99.91692616941613,588.93,1974.98,1168.93,1414.97,1614.31,1402.2,1126.48,1338.38,762.68,423.85,928.45,1041.08,997.73,1144.38,1114.78,1318.42,1741.79,958.62,1145.65,1430.15
2024-01-01 00:01:45,99.89476737816328,99.91068466003229,495.92,619.16,754.91,2708.52,1086.55,1321.96,1754.29,631.18,1913.48,1969.41,2428.67,572.36,1067.49,1004.74,1464.71,1059.37,483.25,814.68,1239.79,940.78
2024-01-01 00:01:46,99.87150051010521,99.89595064589393,584.13,1032.13,969.21,584.7,4549.05,1146.47,1163.9,1001.5,649.27,2643.13,1226.17,2100.03,772.18,693.1,618.55,931.92,2862.14,706.93,1704.73,880.29
2024-01-01 00:01:47,99.86789467104184,99.88599516192129,1188.59,1536.87,822.08,949.99,856.08,779.19,2162.45,1353.52,1165.66,379.72,214.08,824.33,3355.06,1983.76,1095.85,2031.54,1187.3,1920.66,1721.76,540.3
2024-01-01 00:01:48,99.88440127057935,99.90310088788208,1262.0,538.28,1452.74,781.25,809.08,1006.29,540.7,693.14,1150.41,431.58,2045.84,1590.29,723.32,1463.14,694.88,744.26,1841.37,1427.59,795.63,1602.77
2024-01-01 00:01:49,99.84768269633804,99.87072664519567,814.42,304.24,829.8,1379.51,968.03,970.02,455.29,284.62,763.63,1663.77,1122.08,1040.52,1118.09,450.19,1784.25,1219.88,2508.53,1094.72,2130.26,1310.52
2024-01-01 00:01:50,99.85836313098298,99.87742315629256,1579.84,380.2,928.33,860.5,732.32,612.39,1008.98,921.75,1340.16,427.8,1508.28,572.02,1365.53,2159.23,941.21,1787.39,1482.06,1625.49,1878.43,2086.23
2024-01-01 00:01:51,99.86323527066817,99.88206044070067,1552.83,392.67,984.12,972.08,659.07,1129.72,651.3,823.9,711.34,394.39,1137.16,1555.53,1296.8,1361.95,492.99,733.2,777.25,1526.22,1129.35,1064.14
2024-01-01 00:01:52,99.85073841855666,99.87079129458431,637.73,1372.88,1242.28,633.05,857.52,1126.74,696.48,1132.72,1026.96,890.69,1216.7,262.64,654.25,1089.68,885.76,1127.4,1263.44,623.25,683.15,1331.27
2024-01-01 00:01:53,99.81985531094824,99.8438320880172,436.54,1130.13,463.81,1227.22,811.37,828.01,517.26,425.55,840.41,430.29,2298.99,1410.22,501.93,578.72,868.23,670.99,2904.18,1521.68,1226.38,343.62
2024-01-01 00:01:54,99.81917005694828,99.8474025223257,832.05,447.86,924.56,1483.73,1239.47,1043.05,2334.71,369.08,766.88,802.68,684.68,1091.98,501.87,576.39,1052.9,485.3,495.18,429.85,793.03,1526.81
2024-01-01 00:01:55,99.8112327198751,99.83416015103633,634.87,1684.8,1710.97,1458.41,775.54,1851.79,1219.53,1896.88,448.41,468.59,1067.96,1649.79,547.95,1057.71,808.3,2585.13,3021.04,5435.54,1593.75,906.82
2024-01-01 00:01:56,99.81534167412374,99.83935824524187,937.81,858.57,4950.41,825.43,632.81,1036.61,1790.7,1122.98,464.71,3739.83,885.18,1074.21,509.72,806.69,1137.28,1006.57,1028.38,662.01,857.42,432.12
2024-01-01 00:01:57,99.81828663774854,99.83728736743802,1726.38,928.67,753.11,3211.4,1177.54,1559.22,1507.24,786.75,476.35,1191.79,687.83,3515.16,1027.3,1104.57,1370.36,640.78,2035.25,1034.85,897.68,1378.43
2024-01-01 00:01:58,99.85159207507762,99.86805308576179,853.65,1231.61,646.43,2067.57,1179.38,1051.17,861.95,309.9,871.96,1266.03,954.14,1223.73,1317.6,1184.54,754.38,654.24,679.72,2709.2,1240.93,580.57
2024-01-01 00:01:59,99.84340050228965,99.86667043345082,220.28,612.25,739.46,891.88,562.34,1940.98,1825.09,1983.51,802.14,1377.26,755.51,1563.11,975.98,521.39,742.53,427.46,817.65,830.28,1049.75,1557.09
2024-01-01 00:02:00,99.8241374159563,99.8449936200793,809.76,1577.48,806.86,647.55,603.46,613.49,561.64,1793.77,1030.78,1099.78,1165.67,354.93,489.64,570.02,1462.24,1274.52,1465.25,552.58,1627.99,611.3
2024-01-01 00:02:01,99.83170760233881,99.84459445909505,1161.77,622.52,1375.12,1548.77,2981.76,995.25,860.05,2312.16,592.83,806.96,464.39,899.91,2405.69,1182.09,2421.52,731.74,629.83,449.67,695.13,838.38
2024-01-01 00:02:02,99.83337113845494,99.8517307903378,850.45,687.75,1844.35,938.58,525.37,741.5,374.07,1252.77,2955.76,838.65,1169.04,445.76,1255.09,732.48,902.53,548.19,1262.25,2613.83,469.02,1023.29
2024-01-01 00:02:03,99.85994195845988,99.87952747334246,656.74,1395.96,1053.99,953.19,321.28,2501.62,859.63,532.34,833.53,673.14,859.55,1744.45,759.16,771.95,607.78,687.9,402.12,755.24,1075.06,2627.18
2024-01-01 00:02:04,99.87771308548703,99.8951607961519,860.65,2779.52,502.76,1227.36,1031.76,1103.35,862.88,1479.53,794.13,1216.83,340.12,1091.84,1406.89,798.27,539.82,735.04,1032.14,1281.55,667.55,1072.04
2024-01-01 00:02:05,99.8798700230161,99.90727870098881,823.36,2083.92,1779.17,878.53,1304.49,629.65,1759.48,481.64,1179.62,681.08,1219.05,487.23,410.42,1774.99,853.2,808.51,893.64,681.19,1843.81,1271.1
2024-01-01 00:02:06,99.91164082223459,99.9340400174191,776.38,2649.93,1141.6,807.83,1119.5,567.21,1783.96,820.53,935.31,394.8,1512.7,1293.48,426.38,1334.37,446.19,802.75,319.28,571.09,1481.41,3320.62
2024-01-01 00:02:07,99.88563222144566,99.91249809603511,1400.51,540.81,1565.83,687.22,712.71,1017.21,754.44,1537.88,941.27,927.43,2058.24,1017.84,2332.44,1357.98,1487.21,4967.16,1179.99,748.57,1949.73,774.95
2024-01-01 00:02:08,99.87561156493128,99.89692869123952,879.92,947.61,822.45,1404.25,937.53,3534.58,613.02,946.15,916.21,1319.61,571.95,339.75,1669.47,1032.84,1312.38,992.97,2043.74,1664.56,442.8,772.09
2024-01-01 00:02:09,99.85753513966623,99.87794207884835,2587.9,542.7,455.56,1121.7,549.28,458.62,733.15,669.08,1922.95,1027.88,1119.39,301.69,885.22,879.98,672.8,2203.94,502.6,446.87,1761.76,710.56
2024-01-01 00:02:10,99.85228390773818,99.86760091865014,1490.81,1342.09,1966.44,1503.38,1219.46,1029.4,266.85,911.06,536.71,2285.82,1261.67,1112.23,831.22,589.29,756.22,1061.92,576.02,934.77,1606.08,803.06
2024-01-01 00:02:11,99.82237886641005,99.84243851407604,1256.21,431.45,1284.79,996.46,728.48,1338.11,1092.15,1455.33,512.28,1005.58,937.15,1017.94,282.53,755.81,456.55,1622.53,851.16,551.81,3279.07,770.65
2024-01-01 00:02:12,99.83507907436514,99.85514434399353,406.42,668.36,536.98,945.68,1114.48,1927.82,2422.29,552.19,1106.37,1149.85,1420.59,1162.73,844.68,617.53,774.68,908.2,1041.95,638.66,719.54,1051.64
2024-01-01 00:02:13,99.83408503994744,99.84724947052726,1436.39,942.59,447.92,2122.1,1560.48,682.05,1019.85,917.61,898.2,829.6,439.77,1970.64,612.69,781.79,1820.89,640.45,900.96,678.43,1149.35,672.84
2024-01-01 00:02:14,99.80259994802172,99.81990231067287,644.19,747.8,985.58,651.89,503.55,1007.77,1051.21,522.41,1203.6,1334.15,1173.87,1020.81,636.49,2249.9,842.8,1262.93,1308.13,1200.75,899.68,2731.3
2024-01-01 00:02:15,99.78174775421945,99.80013134122686,866.19,1242.62,2590.2,898.18,621.58,647.52,1716.37,2067.72,561.39,604.0,1387.34,565.65,1424.86,566.92,774.78,686.45,544.04,1021.95,373.36,877.18
2024-01-01 00:02:16,99.786176125812,99.8082435235323,735.24,1300.42,1300.97,579.83,583.44,646.69,1049.67,1079.79,477.97,617.49,889.63,506.07,563.54,465.37,961.76,976.03,778.38,966.17,551.46,943.67
2024-01-01 00:02:17,99.80281898075008,99.82512573131,719.33,1837.63,626.83,1163.12,518.42,1000.17,1718.36,1962.09,835.2,1628.25,332.5,694.22,732.24,1517.82,1579.89,2426.56,683.4,2431.06,2114.61,1629.65
2024-01-01 00:02:18,99.84536027006878,99.86245367765896,651.6,1214.09,1286.22,1156.17,1679.2,2072.17,1252.44,512.3,502.96,1884.78,624.23,1067.38,1795.05,630.43,668.78,553.77,1628.79,426.22,806.43,1326.1
2024-01-01 00:02:19,99.90101204917767,99.92335639719039,1073.28,2614.91,500.05,779.12,737.76,652.47,645.55,1829.85,1119.41,1058.39,1047.7,1872.33,1260.27,613.9,782.5,1385.82,628.06,2478.34,1095.67,591.58
2024-01-01 00:02:20,99.91092760917292,99.93001721452617,597.62,851.82,1714.65,834.61,944.35,1454.65,849.53,1878.22,1259.97,711.14,962.54,3486.95,436.47,1028.64,588.18,752.9,1696.99,2041.81,1042.83,1072.54
2024-01-01 00:02:21,99.89785569951106,99.90350759938677,431.37,828.52,1192.5,762.48,756.06,2860.81,645.81,608.39,564.15,1755.78,1648.66,666.43,374.28,732.45,657.86,959.86,1061.9,1262.02,2201.59,439.39
2024-01-01 00:02:22,99.84925247891415,99.8668289687544,1319.07,761.69,655.07,1672.88,2148.3,1669.09,507.85,864.88,1141.87,555.63,1276.21,1113.79,643.68,1517.05,1417.36,1095.02,773.41,2019.18,1415.63,873.82
2024-01-01 00:02:23,99.8506974814808,99.87609242468152,398.6,517.38,1182.33,742.75,813.79,1000.77,1776.87,703.48,978.25,771.21,1867.53,1617.46,1288.92,666.2,938.24,513.47,1482.66,1499.28,1487.4,1380.85
2024-01-01 00:02:24,99.84134064556652,99.85293161678338,1266.12,595.36,317.86,1424.35,611.84,568.19,1997.81,696.45,533.67,575.68,1554.62,795.17,1423.65,1325.82,695.67,1144.46,368.76,665.74,752.42,1099.36
2024-01-01 00:02:25,99.82854725797033,99.8491107139724,2826.41,1210.52,649.44,1612.4,672.25,1196.78,607.26,1446.07,1835.64,1032.93,885.63,665.36,731.28,1084.27,2027.37,1836.39,1336.09,1884.97,631.51,275.07
2024-01-01 00:02:26,99.8126238969547,99.84055020302563,542.38,1369.53,1784.4,781.05,1008.43,1221.78,460.92,505.12,410.02,806.48,572.34,448.4,538.08,805.48,359.5,1354.98,577.09,1249.22,631.57,2924.02
2024-01-01 00:02:27,99.81567276464436,99.8318696998793,793.47,772.97,2331.37,644.58,875.1,1999.63,919.63,423.94,1289.98,1101.42,888.11,1285.87,1221.5,315.03,1150.63,579.76,1063.21,505.29,3987.77,1516.77
2024-01-01 00:02:28,99.83508546417652,99.85509620957866,1577.06,725.25,582.25,877.93,1203.35,446.29,673.1,667.02,1249.98,673.64,502.78,896.67,574.71,858.16,1187.62,2085.69,1646.8,1413.18,1285.72,411.39
2024-01-01 00:02:29,99.84149184886955,99.85497176758342,1532.74,1663.24,1205.52,1552.76,1090.08,1034.65,777.36,1637.01,1501.55,1824.45,1669.36,784.35,968.93,543.42,943.21,1326.34,2216.0,665.14,989.84,1141.29
2024-01-01 00:02:30,99.83099103363156,99.85912718933989,1038.57,595.11,1273.94,1627.46,952.27,684.06,663.54,899.9,1208.02,871.45,980.81,492.56,2512.11,1715.59,1483.23,1901.34,742.49,930.79,1439.84,684.02
2024-01-01 00:02:31,99.81455436799669,99.83413770486172,1166.41,889.58,1924.59,776.46,769.34,988.7,1098.93,855.68,951.66,635.34,1029.67,1760.68,642.36,898.48,1333.7,2626.95,1232.42,1053.51,1901.44,816.77
2024-01-01 00:02:32,99.78073581042813,99.80096894464211,995.0,868.43,813.9,832.25,1483.86,948.31,672.27,1118.51,1720.29,570.65,1718.45,600.09,1875.06,1477.11,1207.21,1292.18,784.08,454.97,1056.11,1298.6
2024-01-01 00:02:33,99.76774046818988,99.79451197051742,1209.29,1522.25,755.73,1134.53,1947.52,437.34,1336.48,512.45,640.11,976.77,2563.66,2562.99,1049.9,764.0,578.65,1353.56,660.26,724.71,2104.11,2339.58
2024-01-01 00:02:34,99.76839687235068,99.7917042643239,2490.52,1020.96,1656.56,545.35,1934.12,665.13,1837.32,638.81,1321.09,1059.89,1178.83,705.99,1309.87,780.67,1444.85,2646.27,690.18,745.88,1441.93,1092.24
2024-01-01 00:02:35,99.80759823844012,99.82322009477762,2073.65,872.42,901.96,975.7,855.03,1395.74,1269.06,333.17,722.65,1078.05,517.67,828.55,1775.1,1091.73,798.14,903.31,1009.27,907.37,737.08,1159.25
2024-01-01 00:02:36,99.80963285184855,99.82639646222812,1893.41,759.5,1532.02,2673.92,886.59,618.14,554.36,2053.56,840.75,537.61,1329.86,876.52,1098.91,1168.1,1056.06,627.26,1111.65,605.99,1461.4,868.98
2024-01-01 00:02:37,99.8264321189975,99.8489067755201,979.29,1565.0,1252.33,1041.83,610.51,2578.93,3585.6,1326.22,867.68,795.6,1107.16,260.01,1327.41,460.51,814.33,875.74,1003.92,457.28,997.84,908.18
2024-01-01 00:02:38,99.81924383792567,99.83612323265037,633.17,1118.13,1245.2,863.88,438.41,873.15,2402.13,2661.31,1486.59,1033.42,1376.52,933.44,419.66,608.26,672.83,998.38,2003.05,787.21,7969.49,2461.72
2024-01-01 00:02:39,99.79927776823999,99.80869155167937,1817.29,1329.34,1679.46,2034.39,1300.16,1109.86,654.59,1864.39,1644.75,606.32,576.6,1132.93,545.91,647.52,529.0,802.67,1628.83,1021.03,971.7,619.66
2024-01-01 00:02:40,99.77481542671161,99.79454922271843,1051.72,481.39,992.33,1635.32,569.58,431.58,715.08,2328.08,733.29,665.09,495.28,1327.44,777.16,1366.89,582.37,575.33,1334.88,1258.67,1391.64,1089.61
2024-01-01 00:02:41,99.76387833507712,99.77647727177151,523.71,1371.13,862.16,1830.86,2529.52,1502.07,612.39,647.79,1237.78,934.25,1054.18,662.32,1727.1,749.83,1159.2,1276.32,806.02,1353.3,1033.95,1337.79
2024-01-01 00:02:42,99.7987064936891,99.82678790245693,1041.52,1154.77,955.19,1246.47,517.08,796.63,1861.8,1965.15,1704.41,1396.57,593.28,989.54,860.4,1756.16,893.56,772.91,560.87,1061.61,393.22,1564.31
2024-01-01 00:02:43,99.78587749539413,99.80676143358293,715.13,543.87,836.77,3038.43,486.45,744.96,1092.52,797.51,1788.59,1010.1,1523.57,1447.76,938.62,1518.62,398.44,2116.1,1430.25,968.58,1075.94,1179.43
2024-01-01 00:02:44,99.80535218620511,99.8208263109214,1236.36,463.43,2632.81,585.44,662.06,955.37,237.54,1195.94,590.53,977.19,1275.1,1299.69,1013.55,972.01,544.54,889.6,491.71,3320.52,837.52,876.69
2024-01-01 00:02:45,99.78677728603816,99.80328412396486,536.31,1659.01,1297.34,520.55,814.07,1063.58,730.84,713.72,684.45,2691.25,1140.61,756.69,1021.53,984.67,1106.25,662.49,1094.25,642.86,964.55,962.63
2024-01-01 00:02:46,99.80838565922869,99.81893867128932,596.57,1198.75,694.06,1696.91,820.91,748.61,2808.35,742.38,509.45,1901.34,811.0,2218.76,1050.36,958.8,859.27,1262.19,1710.84,2304.33,857.06,3759.98
2024-01-01 00:02:47,99.81410983929807,99.82861252986417,889.34,1232.98,1502.78,1457.41,2472.81,1068.7,2021.32,477.08,933.96,1189.17,975.55,1984.95,1023.63,686.21,1076.27,395.65,654.64,1343.69,1597.27,415.55
2024-01-01 00:02:48,99.8056876186216,99.8307692346343,1108.83,455.64,977.82,441.63,529.63,367.35,1031.63,1696.7,388.06,1071.6,747.65,2796.43,754.61,1443.89,1154.3,2803.08,2559.79,724.7,1331.03,1198.67
2024-01-01 00:02:49,99.80183371074152,99.83299264146898,2063.08,528.84,1380.72,870.52,1755.1,2048.88,2530.87,979.94,693.56,889.22,671.29,988.98,1397.11,1074.42,998.16,1075.1,1116.48,1947.47,883.09,697.31
2024-01-01 00:02:50,99.79250143091366,99.81613341347966,742.21,901.81,2248.77,1050.19,576.99,636.52,1409.45,799.83,1299.67,1466.99,454.07,662.29,660.08,4002.36,717.96,2266.66,1326.17,1092.49,832.34,1333.51
2024-01-01 00:02:51,99.80346897257286,99.82300875987974,958.11,1470.01,482.48,1323.15,3199.38,1048.87,1036.24,3958.75,1283.38,698.25,763.14,824.07,721.58,1037.0,2602.16,1380.59,383.52,2734.35,1149.5,999.18
2024-01-01 00:02:52,99.79521909505863,99.81305929818035,545.66,1335.45,816.69,1212.64,726.84,959.51,610.8,1860.55,1017.88,1238.88,276.92,1639.38,854.07,863.68,955.86,763.12,506.8,842.33,2131.04,1161.23
2024-01-01 00:02:53,99.77201832087809,99.7872358418102,742.87,1748.65,888.04,2852.94,743.71,1091.44,960.04,2538.68,1923.36,1367.67,3443.57,715.91,1451.82,1061.25,1722.88,1469.08,2358.94,1527.01,1132.51,786.78
2024-01-01 00:02:54,99.7389189151094,99.7692177446061,2192.68,836.91,1486.17,845.71,1074.65,905.91,1191.45,1164.96,402.24,2570.33,1157.27,810.11,462.15,440.52,443.69,426.57,1101.24,1504.42,572.9,761.42
2024-01-01 00:02:55,99.74799195996685,99.76704821645752,996.45,1144.32,1071.67,702.03,1095.84,928.56,636.32,849.99,1567.28,709.35,956.36,1855.55,1246.75,1925.03,549.79,1376.99,914.7,2778.55,1730.91,518.0
2024-01-01 00:02:56,99.77381283876525,99.80439098791555,1624.32,899.89,671.23,839.81,761.26,1425.74,609.97,532.43,720.21,1396.15,496.82,486.03,933.24,1453.44,1372.41,1781.49,675.35,567.81,955.71,832.28
2024-01-01 00:02:57,99.77881794683785,99.80578554438588,895.61,1813.24,1694.79,2005.59,736.54,489.76,750.06,1207.2,655.07,1386.54,566.23,995.39,1302.9,2050.41,934.68,760.74,1027.78,812.66,1891.41,719.22
2024-01-01 00:02:58,99.78428097016803,99.7955769880113,1946.51,1130.63,439.06,874.32,1382.53,1546.74,1119.43,840.5,793.9,920.45,1178.03,1134.77,421.81,677.91,2077.82,1707.03,1293.66,1446.99,648.82,1423.59
2024-01-01 00:02:59,99.78731038287113,99.80398062089232,746.24,616.6,426.74,2224.66,854.72,406.98,785.55,1487.51,515.53,1101.92,1474.55,1434.76,1893.45,922.92,986.41,1072.33,858.28,1458.71,1242.96,1027.64
2024-01-01 00:03:00,99.81343814952629,99.83009292390543,990.23,1145.21,582.11,1163.98,721.56,3080.41,862.24,462.67,1132.12,1966.51,1004.68,1289.76,1110.92,1212.13,466.54,544.53,1394.6,1830.2,1001.71,583.54
2024-01-01 00:03:01,99.8163528026534,99.83595357083286,3583.55,2147.7,823.81,783.63,1175.54,2147.65,4114.88,721.28,1101.91,644.75,966.75,979.0,610.51,708.82,2147.13,912.75,560.15,2386.88,1238.08,778.79
2024-01-01 00:03:02,99.80808542775924,99.82778385649368,789.17,1120.45,909.67,2276.2,490.68,1157.0,1957.3,1803.14,870.32,1356.35,544.69,1692.29,1870.76,992.95,777.19,1373.52,1182.11,2535.77,1523.04,870.22
2024-01-01 00:03:03,99.82256981858916,99.85755101406616,1267.46,1265.59,333.43,731.25,1415.78,1724.04,950.94,445.3,848.31,885.1,946.92,1697.51,447.08,950.91,1100.85,419.12,505.51,698.0,866.82,728.71
2024-01-01 00:03:04,99.84132861478307,99.8559424754107,1081.27,2253.14,1710.9,1522.91,663.78,1602.67,2066.37,554.0,1605.49,1027.24,806.78,2231.87,574.43,1604.33,485.82,795.1,1145.54,1518.18,691.67,539.26
2024-01-01 00:03:05,99.86877824009765,99.88992308977596,1821.53,667.6,711.94,399.69,637.41,968.87,1123.91,1406.65,709.62,632.93,1004.28,978.76,1637.21,673.51,1060.37,762.44,1062.35,607.3,1108.02,1905.99
2024-01-01 00:03:06,99.87147408432507,99.89455662303742,428.89,725.28,1216.43,904.58,1083.25,788.0,1562.75,1199.58,1353.79,3559.46,903.96,4126.72,1675.64,918.53,863.89,1262.95,1131.54,1658.45,855.92,1921.32
2024-01-01 00:03:07,99.84852990305801,99.86852204303567,1259.71,1409.58,828.41,1783.41,2279.09,1260.91,2741.98,748.94,1548.01,1777.88,2161.17,1099.77,463.19,1213.15,491.31,521.31,851.48,698.78,1020.83,847.07
2024-01-01 00:03:08,99.82088733761746,99.84143824050638,905.65,1336.4,439.96,2519.88,1778.55,1515.71,2936.15,937.09,1897.42,626.38,1720.75,1915.45,1119.7,1203.92,656.06,207.2,1036.93,1728.52,2865.65,1237.31
2024-01-01 00:03:09,99.85679336994231,99.87156932547079,838.62,350.39,796.54,1400.8,1739.59,1070.62,1798.3,531.48,654.46,2844.06,877.44,1277.73,778.06,805.23,1035.46,693.33,1736.45,931.9,668.97,947.22
2024-01-01 00:03:10,99.8883884466357,99.90892087760872,1724.32,1367.75,1052.14,909.6,3199.82,833.68,1172.83,1109.51,952.7,824.02,1332.9,967.23,844.87,2045.04,407.53,804.65,886.69,938.79,879.72,682.63
2024-01-01 00:03:11,99.88378578036613,99.906342775347,451.06,1737.75,964.14,429.65,355.74,660.17,840.43,1428.89,1129.53,927.56,1049.69,1554.89,814.21,907.95,958.14,714.58,675.68,940.67,1005.42,524.22
2024-01-01 00:03:12,99.87658152997317,99.89821953289452,1029.47,661.74,637.55,1578.19,1143.22,878.64,1139.66,985.0,920.25,1064.29,3355.24,456.48,932.07,458.7,869.69,1210.21,809.61,814.48,615.41,895.76
2024-01-01 00:03:13,99.9052039150189,99.92805491953847,1409.1,1360.22,709.55,626.68,752.79,753.23,764.05,838.36,611.11,1183.29,416.64,835.5,793.37,728.75,1547.54,2332.13,1103.5,1020.17,2182.1,1387.32
2024-01-01 00:03:14,99.88095698388622,99.90802002338941,1455.69,404.68,1299.5,525.15,2563.37,1340.24,952.59,886.51,1032.04,824.35,994.28,621.75,2163.86,1627.65,1001.26,1387.08,723.15,967.92,1341.57,1130.79
2024-01-01 00:03:15,99.86425154690392,99.88893637961348,664.89,858.58,1305.7,710.4,1229.88,771.52,909.64,1465.52,1326.98,820.94,475.26,1029.12,1084.89,806.73,793.44,1599.74,4183.43,722.47,1081.03,2145.87
2024-01-01 00:03:16,99.87928226261873,99.89963873568622,742.16,750.72,502.0,751.15,1920.73,2722.92,839.44,586.68,673.22,981.49,1183.11,1658.37,1383.84,462.21,1372.97,1137.8,1009.92,463.24,1082.85,1018.49
2024-01-01 00:03:17,99.874497792575,99.88863900081557,1123.02,2767.53,1183.17,308.64,1236.7,962.94,1728.45,796.6,1028.61,604.32,664.71,465.34,930.4,1732.39,1457.74,1103.93,409.32,394.78,410.5,624.53
2024-01-01 00:03:18,99.87296597254768,99.88996594617412,1582.71,760.02,2138.41,455.82,531.21,1044.81,1051.51,1136.03,818.92,1127.98,877.73,2746.62,1165.05,624.75,523.91,789.39,574.87,768.33,860.17,1533.13
2024-01-01 00:03:19,99.86874617927019,99.88764802351061,929.89,1451.48,569.51,568.16,1484.12,2059.75,811.57,635.08,809.85,1532.57,1151.8,1487.04,937.58,1220.18,1520.04,848.16,627.06,856.01,497.23,1272.05
2024-01-01 00:03:20,99.87431772778801,99.89557945694473,856.51,1301.05,1030.58,1425.86,537.74,1426.13,499.64,1186.75,1095.43,2027.24,684.62,740.74,483.72,1021.46,1620.4,756.45,729.13,3393.31,1776.96,1465.44
2024-01-01 00:03:21,99.9042940614964,99.9219023976889,1014.34,1659.78,1158.79,1250.04,899.65,972.17,265.12,3801.42,566.43,1836.29,939.08,851.83,1200.05,872.83,408.67,1117.39,973.56,763.06,570.56,840.45
2024-01-01 00:03:22,99.90724926072865,99.92257059473273,1124.47,467.73,990.35,301.89,1450.27,2687.1,1704.74,776.35,1257.96,858.99,1537.56,1035.12,839.31,1416.23,4102.34,1473.96,543.67,1672.9,768.07,1333.01
2024-01-01 00:03:23,99.92075920031903,99.93481820687342,1569.38,874.6,1456.97,1881.94,1275.95,914.59,1401.66,1675.01,352.83,463.05,2213.66,1916.87,903.08,640.33,1864.41,484.32,361.76,522.29,1136.88,1106.75
2024-01-01 00:03:24,99.88091320597323,99.89265731717796,754.46,3136.06,1331.17,906.62,1171.79,945.39,1200.84,1468.45,588.92,749.84,971.92,927.92,913.85,840.07,1281.02,2674.16,1639.92,1038.54,1078.14,1454.01
2024-01-01 00:03:25,99.87639827029643,99.89522351677756,528.3,700.4,1055.26,565.82,3689.67,1393.68,2277.33,1134.76,226.0,1673.71,1032.18,641.86,1593.7,954.83,912.87,525.11,794.5,780.97,875.04,485.45
2024-01-01 00:03:26,99.86262045173632,99.87527212452596,1317.97,867.46,563.14,1923.07,1811.84,651.11,972.39,647.03,626.56,919.9,1754.48,912.06,461.83,1469.67,757.6,522.3,751.38,285.96,2921.13,1032.27
2024-01-01 00:03:27,99.83707134113305,99.85206871271228,709.99,2328.76,340.45,907.61,747.58,1218.96,1255.8,961.01,1480.0,1451.75,3121.36,863.13,2020.71,963.83,1098.52,2268.41,640.37,1771.87,2252.44,707.6
2024-01-01 00:03:28,99.81799173426622,99.83602222490198,831.7,716.9,719.59,742.28,811.77,570.11,534.65,758.69,792.54,941.06,889.98,679.29,1440.99,1291.4,823.62,433.1,530.61,554.35,448.48,1390.36
2024-01-01 00:03:29,99.81366430404356,99.8269847174966,1110.47,2586.9,1036.98,1134.78,757.94,658.95,791.58,573.18,1214.39,828.93,2004.26,1883.79,677.01,1293.19,1045.45,538.74,1614.68,1198.62,678.37,2049.01
2024-01-01 00:03:30,99.82769318114596,99.84959194208845,992.21,1804.73,981.18,1945.03,519.11,1492.03,1087.9,526.71,1015.9,667.85,1319.88,2386.37,552.42,843.62,1005.0,387.41,1995.44,1354.17,2825.68,1700.69
2024-01-01 00:03:31,99.8002641496034,99.82396526492143,1896.6,960.6,555.14,1316.37,1252.98,660.94,785.39,792.82,1152.52,404.77,679.7,584.63,424.55,2051.06,841.76,190.64,1435.2,823.93,1154.88,765.77
2024-01-01 00:03:32,99.80410090466374,99.82135376956485,1223.2,1346.14,1114.24,344.15,1224.17,682.68,1303.11,745.11,871.67,1224.61,1042.32,995.18,2390.8,436.92,1073.6,844.18,1021.51,677.93,1052.79,1260.81
2024-01-01 00:03:33,99.79413651671665,99.8119513801786,896.77,884.2,804.38,2397.17,1109.98,717.51,776.58,752.82,929.83,766.41,673.51,908.01,1055.49,1523.32,1339.23,801.63,899.46,820.59,366.34,1195.44
2024-01-01 00:03:34,99.78514691213503,99.80783406098574,1343.38,623.02,1061.93,1370.75,608.59,827.81,1472.02,636.73,496.98,398.69,1686.58,576.35,971.72,901.85,321.6,954.86,1093.26,867.54,816.2,477.15
2024-01-01 00:03:35,99.80833063080956,99.82476065532339,756.98,899.51,691.52,460.0,938.37,529.96,784.59,1720.4,395.21,934.66,1888.97,1234.9,884.99,2014.0,693.53,956.28,568.81,1590.94,1470.15,1194.31
2024-01-01 00:03:36,99.81926478658555,99.83535111702757,522.46,686.73,1069.29,915.35,746.9,675.73,768.96,1335.54,575.92,1619.56,733.33,496.55,1004.42,633.73,1124.86,822.5,675.17,654.27,955.55,874.74
2024-01-01 00:03:37,99.84106466775994,99.86704716015088,1559.28,1179.19,435.48,1870.83,996.87,763.79,621.64,746.18,590.76,1184.45,1139.4,958.23,761.38,450.94,544.22,638.66,1938.94,824.87,1584.14,1448.88
2024-01-01 00:03:38,99.83875533102363,99.8631762697172,380.54,1710.39,478.44,577.49,1345.45,667.72,867.24,1510.46,2117.61,778.68,1360.93,1172.65,1161.52,891.36,599.94,996.15,1278.54,796.86,528.41,1713.03
2024-01-01 00:03:39,99.82554307313114,99.84855082314286,1920.57,451.2,1235.0,803.74,662.05,1635.14,1495.32,880.77,3067.19,924.51,896.9,1577.44,1316.8,1230.39,805.8,1488.74,1043.6,1774.16,470.66,473.74
2024-01-01 00:03:40,99.8202556602459,99.84488388335286,999.74,775.29,1022.03,645.24,2458.37,1144.44,407.59,1635.81,868.97,278.47,1904.19,440.39,886.14,344.55,917.9,630.05,659.27,983.59,627.32,2159.16
2024-01-01 00:03:41,99.83236290443824,99.8424765108114,401.35,498.97,730.08,3172.09,609.77,1244.43,1060.8,1267.36,674.47,1367.36,786.79,471.47,797.64,710.96,976.21,572.76,767.77,1317.33,588.08,605.89
2024-01-01 00:03:42,99.8275665859269,99.85433576366087,1043.82,855.43,1705.3,682.04,1066.34,1943.45,737.19,701.48,940.28,548.49,358.68,1209.46,932.67,921.46,818.59,1918.22,627.05,1108.69,686.57,1090.33
2024-01-01 00:03:43,99.80828325805776,99.83024356864068,814.55,1475.53,1642.52,1197.11,1726.39,1413.38,628.72,1355.38,771.79,807.39,781.69,521.82,1498.96,870.72,1075.47,348.84,1047.49,658.09,1307.52,780.9
2024-01-01 00:03:44,99.80854625552176,99.83360016244178,742.15,1820.57,1977.72,882.08,999.13,2287.17,651.84,1204.57,891.53,421.29,1851.44,1689.1,808.5,1603.59,1607.66,411.54,731.49,1368.72,681.93,1960.51
2024-01-01 00:03:45,99.81466987113676,99.83660568003235,1390.69,326.15,645.98,555.74,1508.73,1531.98,1192.22,872.28,646.1,2001.12,964.91,1535.1,760.04,1451.52,1190.64,1719.53,2569.98,636.9,830.81,821.59
2024-01-01 00:03:46,99.86586494427354,99.88610956839693,1305.89,2538.35,1012.3,805.19,1012.1,1658.06,920.72,869.01,651.35,654.06,1182.43,585.69,865.57,1265.07,636.1,1841.75,1660.45,1225.52,1050.75,1089.78
2024-01-01 00:03:47,99.90421242159178,99.92283587552996,892.21,540.47,1954.29,960.25,399.3,1050.45,1889.69,618.21,643.98,1192.61,1111.56,680.21,745.25,788.94,630.34,1413.49,1928.89,2135.93,2529.72,2044.89
2024-01-01 00:03:48,99.88554142060748,99.90737714249191,895.29,894.94,1182.63,1264.23,1028.91,1320.14,2375.61,1316.26,347.64,1024.91,1207.51,1839.09,695.19,708.17,307.9,543.95,835.05,1148.82,2519.41,823.82
2024-01-01 00:03:49,99.88149098409096,99.89993224454645,720.35,2510.57,1484.95,762.94,1820.91,1614.72,993.67,1220.21,1062.08,478.44,423.95,1295.94,699.02,695.38,1573.82,3202.57,1030.8,649.24,1201.62,607.41
2024-01-01 00:03:50,99.84927308403181,99.87361246453213,1068.85,323.58,2992.18,657.01,806.33,1385.52,2231.57,575.32,1069.03,1246.54,2332.87,1096.36,542.0,591.67,1096.72,908.01,821.32,601.84,1072.23,1480.64
2024-01-01 00:03:51,99.84359477561408,99.85566249239132,1842.62,387.53,1208.53,1393.16,1840.78,671.7,715.26,1021.51,662.71,1216.44,1008.09,1034.13,980.86,2701.69,911.26,782.02,619.21,486.12,1820.89,2855.99
2024-01-01 00:03:52,99.847294673729,99.86458679442002,834.09,1160.34,2040.18,1040.93,1006.39,2958.76,1382.94,501.95,1321.62,926.71,662.23,561.75,1201.54,915.69,2622.6,472.94,1134.06,1012.73,1569.31,976.9
2024-01-01 00:03:53,99.86494574837108,99.89516986461346,1414.3,952.41,1165.94,311.74,1097.72,1423.61,1314.76,864.47,1464.69,3611.71,508.61,767.55,1131.62,706.87,912.07,1053.51,822.21,524.57,1911.68,1794.76
2024-01-01 00:03:54,99.85704133089634,99.87391092857847,693.11,609.87,497.89,643.72,1488.63,1483.98,491.55,1111.74,381.38,1101.16,1574.81,506.68,1082.6,1625.24,1266.63,597.12,801.55,422.1,500.47,1203.02
2024-01-01 00:03:55,99.84298991024369,99.86179649162838,552.73,898.13,872.76,887.28,529.3,1397.34,1165.94,852.27,793.56,417.03,1096.93,843.79,1080.66,1154.81,1213.37,1093.21,1283.69,914.35,842.02,3338.5
2024-01-01 00:03:56,99.80165387267465,99.8172409680079,1096.35,2292.92,1125.25,548.59,296.87,504.24,1381.63,1940.63,1077.85,1703.51,1325.81,2095.44,525.49,800.85,853.95,922.95,579.4,411.01,1451.07,1074.62
2024-01-01 00:03:57,99.79535448774816,99.81703371611259,495.32,726.61,628.56,676.84,1306.25,1587.04,730.02,925.0,628.64,1510.44,1573.59,947.47,1606.18,1315.32,1434.81,518.79,1528.6,610.49,890.66,1254.43
2024-01-01 00:03:58,99.77678647591854,99.79310515146783,902.76,2330.86,723.22,1262.59,1087.48,1007.74,768.01,2119.44,805.31,896.69,1349.79,671.47,1808.09,1003.45,1220.34,1204.88,2452.62,530.93,702.75,1066.67
2024-01-01 00:03:59,99.76482105248287,99.78389299780885,398.92,422.26,1429.48,860.49,679.83,924.68,872.1,984.01,412.76,375.68,637.88,1051.54,471.84,1548.0,804.81,2021.89,820.96,2067.77,1046.01,1012.77
2024-01-01 00:04:00,99.74469764324242,99.7689419759226,1858.67,3453.1,1402.78,683.83,444.38,694.76,1355.28,1009.08,1057.47,1512.24,952.26,1379.38,988.71,306.0,1107.69,617.46,707.55,1467.55,912.86,641.26
2024-01-01 00:04:01,99.7466814670445,99.76318764995041,1807.54,937.66,703.31,1196.68,597.53,1273.57,969.62,1537.78,568.2,1888.08,422.57,1372.02,841.78,541.33,2063.31,1340.74,980.88,1717.51,1093.4,1254.51
2024-01-01 00:04:02,99.70780846287215,99.73175151846849,344.7,1905.73,1244.91,1126.12,1047.79,938.48,717.16,654.74,1094.2,2765.36,1088.78,592.94,588.76,997.61,1180.49,836.82,1819.51,513.19,892.28,1559.06
2024-01-01 00:04:03,99.6783835124736,99.70249465905141,648.04,1283.35,915.04,1129.74,1533.12,730.75,541.64,1325.37,1335.46,877.61,712.48,1271.9,1128.66,2050.47,754.15,294.7,753.14,1650.48,2141.59,3276.36
2024-01-01 00:04:04,99.72038663776627,99.74566141823988,494.33,2364.16,1274.66,1471.81,2376.58,1843.6,1408.83,653.9,513.99,1127.68,526.88,927.75,686.73,791.7,1082.15,1639.1,1119.6,905.97,529.49,395.68
2024-01-01 00:04:05,99.69692422389029,99.71762692886487,646.37,1245.12,666.48,986.23,913.59,1414.2,2697.56,814.76,627.13,422.57,613.56,614.36,567.47,632.76,1374.06,598.21,979.54,754.78,638.83,1438.53
2024-01-01 00:04:06,99.66723671711605,99.70344301250094,834.1,501.27,673.17,1555.06,1159.45,530.01,3827.41,826.5,1317.1,982.34,954.57,860.84,717.14,1364.7,510.84,947.24,1443.17,924.55,1404.49,304.77
2024-01-01 00:04:07,99.70944180113356,99.73471446961626,792.11,1221.86,1834.31,2558.26,1010.61,781.95,1473.12,1391.31,1159.63,662.39,915.24,1636.73,620.37,1296.25,929.82,832.52,1523.52,805.55,775.64,1380.81
2024-01-01 00:04:08,99.76936728469872,99.79099167282075,1245.92,1020.67,581.95,540.27,1477.02,465.79,1169.38,1341.95,548.23,682.81,894.04,1017.79,1593.16,1341.85,532.85,548.14,585.39,602.24,965.85,2250.87
2024-01-01 00:04:09,99.74893795721843,99.76455833514802,2905.67,813.72,714.42,1664.46,1280.99,3503.05,1138.91,1127.04,744.71,649.85,1083.9,1065.58,799.38,909.93,836.19,1034.14,435.77,1431.25,987.86,1515.59
2024-01-01 00:04:10,99.73962581486214,99.75914051923277,1567.6,367.0,1029.13,1812.99,1725.05,1146.62,1336.65,750.68,970.67,1443.51,730.55,591.42,784.17,605.36,479.38,1698.06,874.99,1034.08,1075.73,2189.88
2024-01-01 00:04:11,99.74264846062401,99.76978009550852,2357.76,709.59,1302.34,1156.81,648.93,1213.74,486.91,1225.0,901.88,1363.94,1500.63,1258.36,895.56,1009.64,1311.26,378.78,913.42,1540.47,1431.18,305.16
2024-01-01 00:04:12,99.77651439441532,99.80506206749344,449.95,539.64,2230.2,703.04,573.36,1570.82,1487.16,894.84,872.76,2553.53,943.73,499.87,886.43,577.05,1136.33,324.58,1257.04,563.61,1697.54,728.83
2024-01-01 00:04:13,99.75735526663472,99.78474691213692,2021.77,2080.21,1180.47,1686.9,2355.7,1126.62,1047.58,855.88,1713.81,1465.74,1239.07,1889.63,759.87,723.7,1094.85,760.63,1286.06,805.95,984.03,420.11
2024-01-01 00:04:14,99.75418255170015,99.7781085132338,1229.28,1832.11,1541.39,746.99,988.38,865.31,229.48,2070.92,2314.36,763.53,861.75,1883.32,662.56,417.24,570.04,1324.09,845.17,800.33,754.75,453.98
2024-01-01 00:04:15,99.77483143450395,99.78855313347246,691.77,566.8,711.01,1072.72,1303.26,618.8,2759.86,1211.07,1507.25,688.89,1752.95,444.98,828.03,1624.02,1053.73,1158.58,1237.68,405.96,719.08,1386.14
2024-01-01 00:04:16,99.77916970093298,99.80160551002211,808.27,1063.0,1533.08,805.9,1724.86,822.04,1034.28,1954.65,550.14,1172.99,862.61,2002.87,486.43,1268.57,1038.32,1124.59,1136.21,684.79,873.41,1082.09
2024-01-01 00:04:17,99.77596798999807,99.78976097810781,1128.46,1666.12,1231.77,1041.45,1137.04,2633.19,548.39,1664.88,881.06,549.29,1227.43,784.7,2201.98,1400.27,872.88,466.04,1317.08,943.44,1551.27,627.3
2024-01-01 00:04:18,99.77390670274607,99.78646934677917,906.36,1020.56,1775.72,629.82,1824.1,1693.35,1994.1,775.23,1257.61,1394.2,3254.6,473.89,735.18,858.7,2892.26,527.41,1468.37,1816.1,1954.62,678.96
2024-01-01 00:04:19,99.74209221188377,99.76328800530666,852.13,957.31,1525.37,1192.38,2041.1,688.51,580.61,548.72,921.58,1097.24,342.79,380.55,914.69,1955.99,664.98,933.94,896.83,478.51,4313.81,876.06
2024-01-01 00:04:20,99.73661863509754,99.7592346323339,2360.57,1334.96,486.89,664.63,1320.31,378.7,1491.03,940.18,844.55,1463.15,1093.25,1123.58,1147.97,1223.1,510.02,1613.43,597.1,2206.64,1089.97,260.09
2024-01-01 00:04:21,99.73034044116935,99.75485732666175,1050.96,515.63,701.68,1087.57,672.21,1148.58,956.1,460.97,1557.49,676.32,962.48,2365.6,2250.98,837.75,706.16,1110.89,1101.37,2448.35,837.66,1048.22
2024-01-01 00:04:22,99.7359994411071,99.75848512230904,1341.76,1482.44,676.52,1330.45,2621.37,845.38,429.43,821.57,2357.83,1805.44,1046.02,995.98,1318.13,603.85,1948.89,1718.0,1535.46,239.93,694.19,2201.52
2024-01-01 00:04:23,99.72480677236733,99.74746470229606,1349.92,910.94,2544.0,1004.0,641.69,1042.39,2884.1,1945.16,1212.7,1090.99,805.24,988.72,639.77,621.16,894.36,699.9,376.2,1378.55,812.51,1117.78
2024-01-01 00:04:24,99.73802813924507,99.75310487632012,876.81,2324.62,584.38,665.37,1453.42,561.62,896.39,1161.71,727.68,958.19,849.87,549.22,1194.29,771.43,1037.29,1422.45,704.34,516.79,1064.84,566.22
2024-01-01 00:04:25,99.7560832658507,99.77555838242729,974.98,694.8,565.68,701.98,865.67,1486.65,1335.99,757.6,1331.18,2260.76,891.38,593.62,1402.68,1200.12,612.64,980.14,622.2,1001.61,881.94,292.02
2024-01-01 00:04:26,99.76269720265645,99.77516161872828,2114.43,577.69,1085.05,919.7,871.37,373.52,2164.24,231.87,866.35,539.37,3056.79,1183.72,774.42,1269.49,602.98,542.38,920.18,904.23,882.9,1235.96
2024-01-01 00:04:27,99.77097296168385,99.78095611603685,667.74,1939.71,3672.92,1902.34,1172.71,1577.19,1261.28,763.65,793.79,975.66,749.14,1036.28,1669.93,897.37,432.61,502.44,564.72,2055.56,883.69,1241.59
2024-01-01 00:04:28,99.76517603903729,99.78887925258651,1965.06,1544.97,829.23,1391.31,1231.31,805.16,1013.96,472.59,1911.96,1455.55,452.77,1409.46,1444.82,1155.85,905.34,2933.57,1587.95,753.42,663.89,854.42
2024-01-01 00:04:29,99.76891214465822,99.78514652268926,1012.27,1108.86,950.04,779.88,605.79,889.25,527.18,1675.77,748.11,723.44,1067.12,748.51,684.92,1334.8,847.86,516.91,389.5,959.87,830.83,935.03
2024-01-01 00:04:30,99.75041692674752,99.77477941925822,1668.28,1367.97,1422.75,1494.28,957.47,923.18,1129.56,957.95,660.91,982.56,2252.9,857.29,2811.96,1907.88,1085.9,1285.16,3652.25,1883.46,711.71,645.07
2024-01-01 00:04:31,99.75615718929164,99.78169892718104,534.97,1869.37,701.31,1061.58,896.06,1407.89,3177.3,385.0,868.85,2255.07,650.62,1246.38,638.12,2539.27,1768.29,1743.53,1646.5,359.28,784.48,2139.97
2024-01-01 00:04:32,99.75853061957963,99.77543403295653,391.45,1097.95,568.76,1378.45,2364.63,1311.22,1411.15,951.84,1033.27,816.91,2545.73,1423.07,2662.23,659.61,982.19,1014.23,991.25,2015.61,747.5,543.49
2024-01-01 00:04:33,99.79736991471029,99.82032147018307,867.36,905.33,475.61,1793.29,474.64,664.28,422.6,385.18,1719.73,371.23,458.08,790.5,2651.12,2321.23,694.07,682.92,2383.75,865.9,833.16,1026.9
2024-01-01 00:04:34,99.83196568231772,99.84865989867465,456.99,1738.56,1900.07,1534.97,2015.63,926.16,635.7,1349.5,847.19,1699.75,635.78,439.23,941.52,828.28,1055.39,548.63,838.88,695.38,402.75,1384.09
2024-01-01 00:04:35,99.84264441873388,99.85341502436076,747.93,548.74,1421.57,3173.12,900.82,1390.29,848.98,746.54,627.89,936.36,737.1,525.13,2022.78,478.42,565.59,824.72,1433.92,1923.73,1023.81,494.88
2024-01-01 00:04:36,99.82246030384232,99.84307685086452,1130.21,1852.46,693.38,911.33,838.71,1126.74,997.14,1037.19,770.79,1472.89,1180.24,1731.24,1256.99,898.28,2963.45,1290.36,1149.23,1916.27,384.38,1502.37
2024-01-01 00:04:37,99.80169753261305,99.81934316321446,1788.74,813.36,903.09,907.06,2734.54,610.63,2086.45,2481.52,776.75,1165.6,1434.69,495.74,743.06,657.11,1001.35,926.09,1402.13,1956.26,1744.56,908.92
2024-01-01 00:04:38,99.825443429502,99.84324298444906,1564.56,1352.53,1038.21,699.56,3461.53,1380.13,833.18,1916.7,447.71,1484.16,492.95,292.74,2089.67,926.55,962.4,589.28,1082.78,1398.81,762.42,1035.75
2024-01-01 00:04:39,99.82465983368385,99.85453654927309,797.44,2353.34,674.66,846.89,1265.64,1037.09,952.48,940.26,1242.97,1432.41,1184.97,615.21,808.21,606.5,482.21,754.54,461.67,1339.61,4541.81,1681.28
2024-01-01 00:04:40,99.84301570200313,99.85538641708948,2094.02,954.55,1954.42,1344.17,713.69,1289.15,1004.77,971.65,665.19,960.17,518.9,1464.14,744.99,2605.98,1940.78,1638.87,1522.53,1824.73,615.68,2771.96
2024-01-01 00:04:41,99.80335216196839,99.82526651764526,854.36,705.37,1454.35,1420.1,751.65,2071.22,1040.6,1599.35,1222.53,741.16,1215.88,671.39,1135.5,2262.62,721.19,1231.02,759.2,1165.08,567.32,1009.79
2024-01-01 00:04:42,99.82534512753085,99.84037109134513,458.1,2127.69,944.24,1627.52,1504.0,911.17,501.51,1577.29,1146.24,1093.19,1480.4,1546.39,399.17,1970.14,873.46,1855.56,2277.56,421.95,1317.81,1292.83
2024-01-01 00:04:43,99.8296758626791,99.85421716972544,392.5,2093.94,1389.81,698.09,688.07,2703.71,1412.91,1363.9,708.19,1614.84,973.83,1614.12,764.32,510.57,1001.58,1644.95,753.04,1279.65,894.25,799.33
2024-01-01 00:04:44,99.80899182442354,99.83048398060441,555.55,2251.85,1278.04,387.74,1091.6,736.19,445.63,2068.27,1642.89,1656.18,915.63,764.29,1084.24,700.43,1465.62,922.25,1178.36,1216.36,1790.69,842.18
2024-01-01 00:04:45,99.79935904549204,99.82125576723793,863.6,1006.99,1677.35,1101.14,1063.39,894.84,1288.94,848.87,1223.62,591.71,1859.61,1051.7,1434.34,1041.31,801.34,667.08,725.69,1227.1,975.43,1919.85
2024-01-01 00:04:46,99.80794397449611,99.82321952640811,683.83,1099.93,590.91,1320.72,345.06,1745.52,460.87,1047.04,2698.52,1664.38,720.18,336.73,2590.19,747.58,1223.33,613.93,975.43,2155.59,472.22,1460.54
2024-01-01 00:04:47,99.80854505620246,99.82471711663601,1002.34,581.77,2575.62,653.6,2178.9,536.33,1146.97,1253.87,563.08,1172.87,619.66,861.73,652.92,686.68,1894.73,1047.93,2261.12,3860.62,1102.9,878.52
2024-01-01 00:04:48,99.7984695364348,99.82310578897153,859.38,1885.45,2169.19,916.22,613.06,1727.18,1026.25,1437.99,1260.47,1046.14,649.6,1463.69,727.63,1935.93,699.86,1099.72,2030.67,971.12,2604.35,1482.6
2024-01-01 00:04:49,99.79429090303753,99.82314489164617,1059.08,2402.71,874.49,530.42,740.88,564.11,1000.87,2156.43,759.49,810.92,952.64,1980.61,1229.51,759.0,816.56,840.98,909.56,1787.96,911.44,1534.18
2024-01-01 00:04:50,99.79247758023465,99.81487911932078,853.18,602.89,801.94,1432.53,1463.89,761.1,412.56,1321.78,2197.1,1095.99,1070.11,975.94,1356.64,780.98,1436.97,461.15,701.85,775.66,633.07,1504.97
2024-01-01 00:04:51,99.7989731518217,99.81448604821783,596.82,1335.95,883.79,701.32,1418.5,1849.7,746.86,1278.95,1355.22,1453.91,306.06,636.25,824.66,2638.61,1792.42,1362.53,918.07,2313.62,660.62,783.6
2024-01-01 00:04:52,99.82531209317348,99.84700678578578,720.06,430.5,220.03,670.21,602.96,1809.86,1696.59,611.33,747.29,2268.33,792.73,749.06,311.64,1306.45,442.45,1210.11,1813.08,921.55,1361.58,924.34
2024-01-01 00:04:53,99.76875759055015,99.80089495077185,522.71,657.44,729.58,2865.68,985.52,1393.46,549.88,477.4,367.12,545.71,923.48,1402.27,1331.5,1069.33,1344.37,433.65,1549.01,3825.69,459.89,266.57
2024-01-01 00:04:54,99.76983320834401,99.7903453223976,1029.37,852.63,874.39,1084.55,957.33,763.92,899.52,1645.93,718.76,1388.29,221.15,1153.23,1787.67,1036.4,1179.39,1405.32,476.09,967.43,1266.89,504.6
2024-01-01 00:04:55,99.76996491164978,99.79727411594673,799.59,1742.7,811.0,2577.28,680.99,1120.7,1307.96,1132.34,670.38,1055.49,577.86,555.95,1760.98,818.95,914.44,1600.45,928.91,1220.79,1413.73,2536.85
2024-01-01 00:04:56,99.78139021700659,99.7976885701774,716.2,1562.86,791.3,877.82,1165.16,1507.91,462.69,975.86,1116.89,473.0,685.33,1817.97,1533.78,1389.38,1314.34,4692.17,1230.32,824.65,447.77,1556.64
2024-01-01 00:04:57,99.77220631709466,99.79199588683647,949.62,744.86,555.09,699.16,981.74,3460.89,314.23,384.6,462.82,1057.47,1812.16,2570.35,1202.65,496.91,837.86,833.22,634.85,1691.65,581.51,588.75
2024-01-01 00:04:58,99.73541775330068,99.75851557933132,1105.26,1266.32,842.13,723.31,2166.96,2097.1,911.76,2060.02,1029.8,844.83,499.45,255.48,834.98,1389.77,1092.53,1790.81,829.95,1395.71,784.42,1309.79
2024-01-01 00:04:59,99.74253325521963,99.76451989676093,1177.57,1225.53,2132.75,904.85,1075.18,731.93,1771.97,1091.8,1364.52,949.19,1719.75,1502.27,737.23,694.35,901.71,856.14,903.58,1104.09,1314.08,723.05
2024-01-01 00:05:00,99.77998955197384,99.79615760857328,1486.18,526.32,1064.52,1454.9,1550.15,548.42,754.53,1156.46,1556.89,1374.45,1661.81,2142.66,1403.19,3334.22,1069.39,2033.72,1428.55,738.87,639.54,906.43
2024-01-01 00:05:01,99.74942014581808,99.76537255853242,1104.27,1223.1,1162.13,1019.51,514.4,1135.34,1267.81,1960.21,535.58,1120.87,807.38,1659.13,1020.08,596.42,693.94,1334.92,1042.14,454.2,1033.84,1833.87
2024-01-01 00:05:02,99.76220220144145,99.78714362345696,663.59,954.61,1328.42,525.08,682.44,910.49,3139.26,1326.84,946.73,563.01,556.75,673.99,611.3,858.16,1774.98,1586.76,814.99,382.35,505.66,1315.42
2024-01-01 00:05:03,99.75512353095512,99.78108128501837,1532.43,921.02,812.38,1787.44,1386.4,1278.3,1596.45,2063.73,1147.09,1284.38,3313.33,570.64,422.16,1296.04,664.33,1337.53,879.88,737.4,3097.47,794.92
2024-01-01 00:05:04,99.75309556217486,99.78065627996547,2457.15,312.69,1904.74,1502.28,672.29,967.75,712.66,779.32,660.82,626.17,675.9,807.3,2109.29,1287.3,885.25,1131.19,945.78,874.15,1472.84,559.58
2024-01-01 00:05:05,99.73130812464797,99.76032777706422,435.28,869.01,1026.67,678.62,577.85,921.67,863.11,1401.22,745.87,783.64,726.88,2365.76,1119.4,770.15,1116.96,434.28,895.91,915.12,1203.63,755.9
2024-01-01 00:05:06,99.72879227881818,99.74946537599978,647.71,5631.42,1406.06,810.69,902.04,475.64,785.19,1020.8,672.08,921.63,886.3,558.32,2548.03,1196.97,968.84,1327.21,564.28,1041.38,1583.14,875.11
2024-01-01 00:05:07,99.75590771741352,99.77435172119237,789.81,831.81,1152.44,732.22,738.72,526.93,1897.21,2101.16,744.25,3383.11,2011.6,598.41,591.77,739.85,863.77,582.27,2013.75,1561.0,1087.72,601.97
2024-01-01 00:05:08,99.76340534679576,99.79016030148966,3113.45,1417.95,874.09,1238.57,1137.15,926.25,2592.38,1973.76,469.09,839.54,440.93,1001.15,671.83,544.23,1501.83,295.03,447.12,1698.99,1347.87,734.07
2024-01-01 00:05:09,99.79964638304627,99.82321172945554,1301.29,1782.88,2737.91,838.49,1686.65,947.03,1199.64,1108.52,1973.02,763.61,1309.25,445.91,794.51,646.83,564.22,621.88,752.25,983.37,980.16,1748.05
2024-01-01 00:05:10,99.82743343217713,99.8425211558838,1091.45,695.72,343.83,951.43,896.03,1126.82,1014.39,672.28,1314.91,1212.49,2255.56,1733.67,1097.27,1217.47,634.59,975.2,402.91,656.73,1409.88,942.39
2024-01-01 00:05:11,99.83634311677285,99.85117493844525,647.56,686.31,1542.52,745.78,2011.16,940.77,462.07,901.15,1319.1,1676.24,1908.49,745.3,1664.49,1214.49,350.57,792.72,652.58,634.14,527.24,1354.34
2024-01-01 00:05:12,99.86740789262902,99.8898675436358,1299.18,1233.0,1229.57,740.77,259.51,209.59,860.35,1751.2,1492.36,1474.91,1076.79,1780.89,1075.87,1829.25,833.19,1007.39,588.92,812.04,991.51,408.29
2024-01-01 00:05:13,99.87786076796088,99.89697439465347,1026.39,1070.14,1360.19,798.78,1416.59,676.1,1043.87,506.93,1728.85,597.41,829.06,510.2,485.77,1642.91,1269.38,1746.86,1065.23,689.95,1282.06,1844.7
2024-01-01 00:05:14,99.89404341972997,99.91391126995626,531.41,1052.71,2448.31,2083.66,1426.54,1347.49,865.89,1371.74,626.42,1130.32,1713.57,697.07,576.44,516.77,3097.77,1107.86,735.94,953.44,2363.76,3668.3
2024-01-01 00:05:15,99.88536459236065,99.9107272591842,911.89,1453.31,2204.22,655.57,692.51,958.68,1009.46,831.79,1495.37,980.53,1392.41,519.06,1733.91,1574.21,783.69,820.69,1043.32,1387.02,1866.74,739.48
2024-01-01 00:05:16,99.88747924922714,99.91127443495208,702.84,819.75,1331.45,1345.33,896.21,355.02,1108.42,1638.27,1043.18,2085.31,674.26,2065.11,877.79,704.36,1075.16,1162.84,949.93,800.02,2195.41,475.64
2024-01-01 00:05:17,99.87210368250255,99.89875304874464,1656.95,1045.36,1156.03,482.72,682.79,1349.49,662.32,1505.9,2682.92,1907.17,603.54,1292.03,1058.58,813.16,1197.79,909.86,855.85,1063.33,605.86,2078.05
2024-01-01 00:05:18,99.90004888458144,99.91039120404956,675.4,2089.03,760.9,958.82,701.35,1634.67,1942.28,772.58,995.45,1243.75,769.59,839.69,1054.93,1129.72,1396.51,663.02,841.72,491.55,1569.87,536.26
2024-01-01 00:05:19,99.87102047706014,99.89228746664625,529.63,1338.49,1796.16,572.85,995.53,843.17,976.28,1560.8,707.15,1750.98,541.22,612.81,434.6,301.14,682.91,669.12,1341.56,1105.47,618.39,1398.75
2024-01-01 00:05:20,99.88556425739556,99.90903770000754,461.06,554.39,634.74,413.4,824.96,635.15,841.35,771.37,937.59,2840.02,1675.82,1056.45,1867.55,1383.09,2725.72,1733.37,443.77,798.7,651.85,1051.51
2024-01-01 00:05:21,99.88730442219317,99.89967149290972,1417.99,1134.85,796.91,1354.12,1537.86,937.73,1109.11,1685.37,2202.52,1736.29,1684.31,867.87,1699.8,1461.61,813.89,1214.83,952.44,3784.45,858.45,1565.33
2024-01-01 00:05:22,99.90855013852406,99.92527566031752,470.98,1213.03,2087.33,752.28,1451.64,596.17,841.55,1301.96,1919.94,425.65,729.65,2252.33,398.89,357.12,1654.81,597.75,527.67,1648.74,906.75,982.45
2024-01-01 00:05:23,99.92403149210125,99.9398290662896,1108.56,1095.83,1212.56,709.11,1528.37,938.19,1337.0,1407.91,1316.46,659.59,673.43,877.19,1158.5,1002.65,471.06,873.37,2183.81,1455.61,495.95,1258.25
2024-01-01 00:05:24,99.9582889569207,99.978397447776,840.95,949.03,517.14,426.13,694.14,1805.64,1006.74,630.1,767.68,2430.33,1772.03,655.46,1120.14,1135.5,793.38,1374.33,935.39,906.37,1840.16,1168.8
2024-01-01 00:05:25,99.96888906124939,99.99702833109286,1575.28,868.26,565.87,2571.77,711.54,1106.39,1267.94,943.46,1193.25,1129.88,591.44,1761.41,1454.36,1215.57,640.54,1096.04,1919.21,488.06,1303.07,1781.89
2024-01-01 00:05:26,99.9364614175464,99.96657436456972,567.81,1191.41,767.56,800.36,760.92,1177.46,1083.22,2004.6,903.04,1429.79,563.98,2675.87,498.01,1548.33,1315.89,381.1,1153.87,1878.49,1054.19,418.28
2024-01-01 00:05:27,99.94221454648279,99.95814310871741,1144.96,1964.96,733.84,1556.68,1096.36,2316.32,3558.19,1247.88,1799.09,1153.85,865.71,1857.68,769.75,555.21,239.26,1020.36,1706.33,891.36,1481.87,806.75
2024-01-01 00:05:28,99.91542229062196,99.93805507687443,761.92,751.75,488.77,1082.23,561.22,1432.11,1248.82,2103.6,956.31,867.28,1413.11,832.13,1044.17,244.02,1621.55,2079.77,1202.96,507.12,1513.46,1271.52
2024-01-01 00:05:29,99.90497609227052,99.92777008153124,351.75,1157.53,539.47,1640.79,833.45,644.17,1715.64,1332.52,2560.66,2257.47,921.16,1123.28,736.54,645.27,376.26,480.18,1540.0,2105.33,759.5,802.84
2024-01-01 00:05:30,99.93562859113761,99.9575667199952,4389.29,886.69,690.94,3540.45,2865.2,1586.4,1453.8,1773.28,598.02,2272.32,1123.08,458.41,1470.63,2154.08,893.48,2305.84,1520.43,800.05,1503.77,1456.45
2024-01-01 00:05:31,99.94835088269753,99.97034578087121,1347.39,1622.17,991.8,701.93,555.73,1579.74,962.33,727.88,1092.02,3654.74,391.4,1084.19,1088.3,1327.83,952.75,443.18,522.93,1218.96,846.62,1840.42
2024-01-01 00:05:32,99.93461036695666,99.95612907946892,855.62,639.35,2624.91,770.19,1116.34,700.87,1678.7,561.52,942.79,523.26,391.82,1673.01,1399.58,531.08,719.58,409.91,845.52,766.38,590.68,1025.41
2024-01-01 00:05:33,99.91087645058197,99.939314301186,1037.05,1336.65,1703.34,641.66,1594.2,745.19,2210.23,1310.57,2372.58,1571.85,359.54,1862.18,550.56,1270.95,404.91,436.54,1371.58,645.59,707.13,1871.95
2024-01-01 00:05:34,99.91299485145558,99.93850718402743,783.03,2423.94,897.36,957.1,1210.8,915.91,475.85,606.24,532.89,2034.32,1000.65,589.09,1820.98,2666.75,987.38,959.99,673.12,650.54,341.6,410.02
2024-01-01 00:05:35,99.89407019949789,99.9087694300099,1610.17,873.52,692.14,938.83,563.43,852.66,424.15,1002.52,486.97,1999.32,618.41,1362.63,887.43,1102.3,546.42,1769.76,1097.3,632.46,884.07,1428.58
2024-01-01 00:05:36,99.87600770650376,99.89998631190817,3037.38,1415.07,426.47,2116.68,1084.09,503.93,1090.9,648.5,597.33,666.92,1048.78,1270.1,1469.32,1118.51,1049.43,1328.27,1998.17,348.74,336.61,2087.77
2024-01-01 00:05:37,99.8820062652007,99.90646813207327,656.31,1124.69,2090.76,1318.22,1577.77,1203.41,1310.3,730.58,1852.63,1295.65,383.55,1038.85,1488.55,1031.97,1702.65,1279.66,719.39,950.03,3723.33,506.44
2024-01-01 00:05:38,99.90655602114124,99.92813085757699,1103.16,913.25,334.08,2253.56,1210.02,758.27,697.73,1048.17,1790.5,1517.67,1315.18,2885.38,741.59,879.97,2119.6,541.4,1599.56,1399.7,661.03,666.22
2024-01-01 00:05:39,99.91669010787736,99.94234722972986,926.8,1159.12,1294.93,1353.93,833.49,786.88,846.03,872.81,1018.53,1506.23,586.9,1726.87,327.46,1022.35,1127.01,1087.96,369.93,570.09,608.65,1060.82
2024-01-01 00:05:40,99.87322269354588,99.89416306371739,412.39,822.16,438.58,1040.11,1237.6,2032.18,894.8,569.45,878.8,1799.8,517.91,1102.27,720.42,986.62,1207.11,647.67,974.29,1150.0,1508.83,2961.62
2024-01-01 00:05:41,99.87927904390956,99.90028138251493,1620.19,279.77,881.52,376.15,396.09,915.4,685.01,1177.63,952.33,1599.62,678.25,1253.64,590.19,441.32,1035.49,1360.78,3370.8,917.34,783.41,1556.84
2024-01-01 00:05:42,99.88091778331521,99.90152398603858,998.6,698.69,518.91,464.91,1862.09,798.1,1548.63,1278.28,1496.11,1211.04,1973.68,1008.48,807.61,736.55,859.67,936.15,2351.23,2097.78,1372.13,3582.54
2024-01-01 00:05:43,99.89454430059885,99.90445308016984,329.69,1237.12,1255.35,1669.6,747.63,695.11,1566.88,1967.25,1226.41,839.79,418.84,530.79,1143.87,1779.16,1111.06,1045.84,1199.29,2007.5,1333.44,1511.62
2024-01-01 00:05:44,99.92202388000214,99.94162188803261,2112.73,523.71,1229.91,1096.7,1011.52,638.65,1775.33,1881.17,3069.06,1044.04,1580.17,719.55,1108.61,362.37,1241.43,1791.58,1136.58,842.55,1009.3,877.3
2024-01-01 00:05:45,99.88222874491741,99.89888749204515,2952.3,1273.67,687.61,642.61,1781.5,468.1,939.01,1101.32,477.01,627.81,910.14,962.32,760.8,648.76,1334.81,506.81,1046.71,440.13,599.89,1051.8
2024-01-01 00:05:46,99.87170216992294,99.88576993003198,2086.53,1730.23,1724.72,1630.66,2210.08,1012.51,1125.79,2038.84,982.29,765.04,1421.6,1505.93,749.21,781.88,1067.19,695.62,915.91,1499.02,481.66,1241.49
2024-01-01 00:05:47,99.87696913072148,99.90413922214518,1065.8,1369.96,802.13,475.09,885.79,1672.8,1199.49,1402.96,1889.41,817.58,654.17,1338.41,845.12,1729.95,682.13,692.14,660.28,694.41,742.83,865.67
2024-01-01 00:05:48,99.84766176964791,99.87018280724058,906.44,329.33,1340.36,1179.45,1173.77,1576.83,589.53,1329.81,1909.96,1270.77,1603.53,1668.2,637.25,951.12,1844.22,455.74,1177.59,1066.86,924.75,1916.88
2024-01-01 00:05:49,99.87851584710768,99.89836669170296,1196.07,1197.96,987.2,830.31,1313.3,1480.05,1098.18,1212.96,844.75,897.72,363.16,1061.35,1301.6,853.26,829.59,1359.91,1475.47,637.66,1272.31,1179.36
2024-01-01 00:05:50,99.88722041003709,99.90439639328159,840.44,1544.4,1667.78,1126.33,1107.85,1132.73,1085.26,1035.63,933.28,1306.43,2320.49,835.57,700.03,936.82,851.01,637.31,538.66,873.75,1438.16,367.04
2024-01-01 00:05:51,99.90199965741462,99.92348050533778,747.46,1014.37,790.56,1360.71,772.23,967.06,1031.86,1585.03,535.06,1949.72,325.75,992.0,1257.16,607.59,347.57,1725.87,1532.76,1559.88,2179.87,1251.66
2024-01-01 00:05:52,99.88884261791246,99.91379979837906,921.17,769.33,1915.06,1208.0,987.95,855.8,2224.7,692.92,796.04,1196.71,306.53,614.72,960.83,1459.27,2348.98,1151.17,1306.67,945.79,772.86,979.42
2024-01-01 00:05:53,99.90966389655395,99.92552906733621,1178.75,584.74,1625.09,602.55,958.1,2378.38,3718.03,927.32,772.05,490.67,1650.79,1582.9,1463.7,599.2,704.75,1334.16,808.79,2089.85,1663.71,897.13
2024-01-01 00:05:54,99.92897798399555,99.94895384213417,1075.08,1784.03,1184.16,1443.28,441.32,2196.01,1388.19,1337.66,1154.48,767.72,968.55,352.93,1197.75,672.99,814.97,777.93,743.82,1642.69,886.08,1835.07
2024-01-01 00:05:55,99.93145330722048,99.95579363971474,792.87,578.1,2975.06,1843.12,1577.65,679.29,616.17,659.23,2768.06,500.67,805.39,1183.98,1014.84,746.14,1566.29,1928.05,373.44,635.04,888.24,1442.1
2024-01-01 00:05:56,99.9431514941443,99.95347148849888,750.76,545.44,1107.98,1675.21,1203.25,1060.31,962.11,1157.75,940.05,835.93,1703.3,812.59,1162.7,1281.96,1020.93,2470.09,1076.74,591.66,2504.14,843.4
2024-01-01 00:05:57,99.94386228051323,99.9635744317012,1090.17,736.17,773.19,469.6,385.0,466.65,488.23,693.32,791.75,820.4,947.25,2030.02,757.44,1639.93,1191.93,663.51,752.58,1471.7,633.03,670.54
2024-01-01 00:05:58,99.9275246792388,99.94537822238605,1358.42,957.04,1983.17,1175.73,574.89,2871.98,1129.59,1143.86,385.77,477.59,478.42,1450.78,744.99,1765.79,1763.77,1559.39,677.5,608.28,664.95,1064.14
2024-01-01 00:05:59,99.92383545185201,99.94316630256323,1018.21,991.08,1018.71,2422.4,675.32,1361.21,2699.62,2359.28,875.74,701.4,1058.44,897.3,818.0,764.31,1246.06,1631.26,1854.25,1767.9,2297.52,1215.8
2024-01-01 00:06:00,99.9217044979495,99.93919635516765,683.09,1048.53,1733.94,1232.33,1316.32,500.94,1627.86,814.15,955.1,847.54,910.72,993.23,1596.57,721.8,1611.79,654.0,2187.72,449.78,1104.37,1241.15
2024-01-01 00:06:01,99.92777424233262,99.94846236535867,947.95,503.66,292.31,1648.28,446.81,1175.82,821.09,1557.71,576.64,640.26,1502.4,2539.31,519.44,3033.91,778.29,1015.14,793.73,1217.39,1826.45,993.62
2024-01-01 00:06:02,99.94330572073281,99.97292385683491,737.77,1654.77,1253.83,1486.36,1102.8,411.61,1570.89,661.45,1529.75,1216.98,983.42,1472.35,428.21,1077.54,890.59,428.12,990.07,1320.87,1153.74,2490.35
2024-01-01 00:06:03,99.92775387332911,99.94613426095945,691.58,317.25,1769.06,1599.43,1006.83,2499.39,631.13,1602.84,795.24,960.45,2622.88,1565.87,1394.02,957.62,1689.15,1311.29,594.05,1042.54,708.63,1057.23
2024-01-01 00:06:04,99.92371460901515,99.94517316406063,711.26,683.22,1096.58,793.22,916.68,2253.21,782.9,733.51,833.57,376.1,672.32,5799.06,914.0,803.9,1744.74,874.36,469.27,817.88,1189.15,1008.0
2024-01-01 00:06:05,99.94908613144506,99.97905986353709,1993.81,684.16,912.48,2105.85,767.64,905.03,1587.43,592.87,611.33,238.27,988.72,1728.82,594.57,802.24,392.57,1206.65,926.82,628.45,531.69,1048.02
2024-01-01 00:06:06,99.94057627186075,99.95782619396888,994.18,986.45,1746.33,1584.77,2527.24,1086.3,1047.88,570.38,1664.64,3324.14,1220.77,1242.7,825.67,623.48,381.98,1099.17,2255.22,1215.97,591.82,1273.86
2024-01-01 00:06:07,99.9182195441967,99.94729292094134,1996.48,1199.19,1307.88,1130.52,613.85,1582.25,1168.83,1438.98,2905.06,1452.42,2155.08,411.36,773.87,420.15,700.48,672.61,1051.38,883.19,920.57,683.88
2024-01-01 00:06:08,99.92678904888906,99.94681566392221,1821.88,601.76,1447.44,1126.86,429.08,646.36,1257.77,300.66,914.35,507.07,1018.73,737.22,1132.55,878.86,1820.96,1567.29,1630.52,1242.68,687.38,366.93
2024-01-01 00:06:09,99.93923531965069,99.96814480078001,971.12,2067.39,799.11,905.15,431.31,1035.19,946.78,1062.49,2515.26,652.89,424.85,1325.39,988.04,377.51,972.32,1954.34,1154.73,1098.3,617.94,1199.16
2024-01-01 00:06:10,99.9420430785142,99.96579408413892,490.39,1301.23,501.93,801.94,1945.4,1888.11,611.8,695.86,778.97,606.35,2864.28,1077.35,692.72,502.13,1186.73,753.41,1702.17,1139.27,1661.73,1444.16
2024-01-01 00:06:11,99.96973002222884,99.99126556404175,513.87,981.46,700.0,636.27,1163.21,844.85,2623.5,716.03,683.35,952.35,781.29,733.35,1233.42,613.45,1363.19,576.43,1405.13,398.85,654.96,1717.1
2024-01-01 00:06:12,99.98779774949135,100.00746959608192,766.42,1430.32,1113.77,541.04,1879.78,1384.56,887.59,1021.42,988.91,524.14,598.72,591.41,2538.6,928.18,1080.18,1448.59,1714.08,1345.91,1015.06,763.88
2024-01-01 00:06:13,100.00603017772413,100.02290997052474,1043.56,1258.15,472.29,921.88,341.17,692.49,1870.03,1616.51,1039.8,1080.99,1108.73,1291.0,535.51,577.61,636.65,771.18,1700.89,1506.93,2387.08,869.06
2024-01-01 00:06:14,100.01536292527601,100.03574188302582,732.98,894.54,1398.98,588.28,1099.67,1103.44,941.52,582.99,2524.34,1200.68,797.24,608.7,1859.59,900.59,1210.11,2197.92,991.59,1200.68,1985.77,840.95
2024-01-01 00:06:15,100.05986206251029,100.08434886980538,1156.12,1534.82,952.93,696.46,1993.16,610.72,1867.56,833.31,1823.91,1732.11,143.14,1684.12,1246.19,780.1,1111.89,867.65,982.72,1233.87,1356.48,3367.22
2024-01-01 00:06:16,100.058035010958,100.07796945380302,1139.15,887.99,1403.41,1996.24,874.61,1132.85,2115.08,1532.09,1476.2,1659.95,1311.62,1091.97,1279.99,985.93,1783.61,901.59,1666.7,1191.62,945.17,1811.06
2024-01-01 00:06:17,100.01872334355184,100.03714022952653,1640.75,1937.43,1090.93,1831.77,2607.69,792.18,1731.28,752.7,731.39,660.97,3207.06,1080.06,349.58,1594.33,1375.31,753.89,706.01,912.57,2562.77,1381.72
2024-01-01 00:06:18,100.05064383010497,100.06938991743408,1134.74,851.65,672.4,909.21,875.25,1745.73,699.8,1011.92,858.23,697.59,848.47,1049.35,686.89,1241.93,1144.57,3498.26,1216.06,2137.29,607.65,4934.15
2024-01-01 00:06:19,100.03838169361644,100.06334407668434,436.43,587.03,1168.22,2004.94,1304.68,2173.76,1440.67,1015.36,1317.3,821.84,2195.39,1445.76,1646.31,849.65,3818.72,564.42,4713.0,492.33,415.18,473.13
2024-01-01 00:06:20,100.03995759039951,100.066083397675,333.35,1123.61,996.31,1398.82,1286.75,614.27,962.77,1273.57,1421.61,1269.09,873.61,1189.31,706.82,1404.88,762.28,1113.79,904.76,1947.29,1524.64,1365.99
2024-01-01 00:06:21,100.07087938401888,100.08754363145003,783.98,534.04,865.47,2509.34,1329.91,618.54,905.38,991.93,1747.8,3582.5,631.44,1277.44,566.55,662.81,1164.53,1183.39,1224.02,1298.46,648.9,1105.81
2024-01-01 00:06:22,100.0388377865569,100.05549484726966,1957.75,776.17,2618.15,527.34,730.57,558.6,2103.6,677.29,303.9,1910.68,1712.67,543.64,651.24,1080.99,1629.11,2012.08,618.39,1384.56,966.34,2035.4
2024-01-01 00:06:23,100.01118497533199,100.03308176993033,666.94,745.89,898.58,1368.99,2496.68,1777.94,947.46,1600.93,2872.41,1560.42,824.56,550.29,2108.3,1395.89,443.59,1276.19,866.53,927.59,764.87,739.0
2024-01-01 00:06:24,99.97628898372689,100.00392664405068,2157.29,1252.6,1097.05,610.38,352.03,806.02,519.41,1601.71,602.7,1683.71,1595.24,1272.58,1495.56,794.62,860.54,573.63,760.14,677.25,1430.74,1901.81
2024-01-01 00:06:25,99.9613601123175,99.98709006385906,568.5,1102.16,1257.13,950.32,1204.73,1085.17,871.71,1408.16,1219.99,598.52,1052.37,784.13,1282.37,1381.31,513.22,1127.37,1359.68,1738.56,1670.8,1457.47
2024-01-01 00:06:26,99.97614745073906,99.98988818967817,1174.07,679.75,1350.68,188.48,946.52,1107.54,1561.53,592.95,1033.16,1288.91,563.28,2214.98,1506.98,597.61,441.72,1381.58,1151.87,1545.15,825.21,1188.7
2024-01-01 00:06:27,99.98416176698984,100.00284138713988,799.26,1178.15,1089.8,354.09,701.42,1033.31,1291.89,995.67,1028.81,1690.23,734.44,1616.03,1952.46,774.78,1107.82,386.75,1370.81,450.23,2030.52,2022.55
2024-01-01 00:06:28,99.99135356953816,100.00670055176472,2013.93,962.09,1336.28,485.14,859.56,516.25,489.26,1122.32,1108.87,1062.35,1728.57,2288.62,1193.82,960.69,178.66,1212.99,1545.01,979.26,1593.21,1506.01
2024-01-01 00:06:29,99.96144052427839,99.9801029616688,860.18,2410.97,1639.15,1603.55,1368.87,2679.19,709.81,1310.59,1888.25,452.48,530.6,662.32,971.78,1507.46,924.5,886.35,661.85,1000.92,1164.04,666.93
2024-01-01 00:06:30,99.91055864925086,99.93858069923103,1925.5,2058.99,1866.14,2150.52,1435.96,891.81,428.29,896.18,512.75,1892.15,1086.63,1687.16,983.03,442.43,779.55,1404.59,2592.6,1281.33,1054.36,1097.83
2024-01-01 00:06:31,99.9192132475707,99.93210024432679,1311.55,644.81,1638.77,651.87,1027.86,212.41,3652.94,720.21,624.89,373.31,738.57,763.04,624.12,1222.72,2184.37,557.75,1493.38,1946.36,761.8,2659.05
2024-01-01 00:06:32,99.91026838850918,99.92217406204277,649.25,1125.76,1998.6,1355.64,1198.23,445.2,2024.27,1096.04,970.37,495.31,1291.45,422.31,1161.97,530.99,731.94,925.72,930.46,979.86,553.14,964.25
2024-01-01 00:06:33,99.9174803260939,99.93333755532673,1280.25,558.85,1463.2,1054.51,1640.63,706.32,1395.53,1066.47,937.91,888.71,2172.73,406.03,1562.29,712.0,2002.25,1312.76,2066.06,1520.95,939.13,540.14
2024-01-01 00:06:34,99.9287297367283,99.95016628974118,1214.02,682.45,1472.97,799.61,562.95,1796.36,569.22,1264.37,522.23,527.31,947.38,1278.96,846.49,1885.84,487.81,1114.27,1077.54,678.75,953.32,1528.2
2024-01-01 00:06:35,99.93066095482432,99.95376472892751,1806.01,1096.91,2735.98,882.64,1256.37,1562.92,705.88,998.05,1381.77,1041.17,1004.66,1537.41,886.86,778.42,649.99,560.93,792.86,1176.6,914.94,2178.01
2024-01-01 00:06:36,99.94632188249628,99.96850912467059,1494.88,320.7,1291.12,1442.96,2491.26,1017.54,1400.98,765.62,1236.33,723.85,858.03,1570.63,595.28,1404.87,752.05,595.38,704.74,1164.52,277.91,1986.06
2024-01-01 00:06:37,99.94906051755765,99.97493894457381,603.92,1417.24,2228.0,434.33,1202.38,1381.27,828.4,535.95,1220.47,1115.21,376.55,688.09,1151.48,1222.93,1894.1,715.43,941.24,592.63,412.3,1170.53
2024-01-01 00:06:38,99.96700873916335,99.97819331119219,813.04,1059.39,1895.78,1508.03,1138.05,767.1,492.06,469.08,3266.81,1402.17,534.24,2061.53,885.62,749.08,595.3,1275.16,595.71,855.68,797.66,2628.13
2024-01-01 00:06:39,99.94553671857446,99.97147840126627,1374.48,768.77,1906.49,977.22,824.41,363.85,603.46,2195.79,1270.38,765.53,1289.15,1914.08,1127.71,715.29,1147.83,961.4,945.27,676.6,1050.3,626.68
2024-01-01 00:06:40,99.94569556994385,99.96413509334361,913.18,863.69,1707.66,933.1,3047.22,833.25,1093.98,467.22,996.72,1152.39,1136.47,375.92,719.67,844.56,1465.93,453.74,1246.81,1568.55,810.39,1851.62
2024-01-01 00:06:41,99.94702211780236,99.97067958935139,1569.93,1344.39,1009.54,788.11,615.68,690.2,1192.2,880.87,1125.8,972.95,1616.41,1272.92,1515.54,1220.09,946.85,360.9,789.75,1392.46,1000.87,1212.65
2024-01-01 00:06:42,99.96856998665213,99.9819528595183,1199.2,676.44,1273.64,616.47,1162.65,1031.29,955.63,1094.22,1646.1,576.37,713.8,1029.56,3454.58,1096.64,1464.53,1535.76,569.08,946.0,1097.04,362.76
2024-01-01 00:06:43,99.95737420789821,99.97739899138325,1471.59,1134.3,839.72,429.41,473.51,653.78,594.8,508.96,1311.34,1280.09,415.9,580.95,484.48,1648.16,1307.89,560.48,894.69,365.4,706.18,840.33
2024-01-01 00:06:44,99.9672192678289,99.98840062168183,780.85,514.81,479.31,1931.49,1274.08,711.93,668.13,1780.87,765.0,858.17,1189.33,1194.93,879.58,767.45,703.05,3282.4,369.83,563.03,1201.67,217.38
2024-01-01 00:06:45,99.95960379132332,99.98538254651082,1040.29,1138.94,772.06,599.01,595.29,1107.55,1006.4,965.94,1271.55,767.43,1050.09,815.89,2268.3,1227.06,1422.46,834.74,947.77,926.46,1446.49,779.65
2024-01-01 00:06:46,99.96410546212702,99.97617918901399,1024.63,2257.35,1022.85,1924.76,1912.06,478.92,638.25,1001.27,1011.72,665.46,1812.77,536.54,1167.07,202.06,831.5,849.82,426.1,883.09,321.37,1969.84
2024-01-01 00:06:47,99.97665582503964,99.99680958778231,2823.82,1688.29,1166.79,1278.79,746.74,1446.22,1190.92,1530.9,622.61,1276.09,847.38,1998.46,624.71,530.05,493.3,783.72,349.07,730.29,449.86,759.02
2024-01-01 00:06:48,99.93958458721775,99.95415841076203,1666.36,926.99,610.52,2262.09,1306.62,1564.67,1613.37,1843.31,1008.32,961.79,861.32,940.26,1068.77,1335.34,811.96,1241.13,1825.68,1240.76,2555.55,3187.38
2024-01-01 00:06:49,99.90967831231788,99.93220579253892,2064.54,1340.35,341.03,674.65,803.71,703.31,1002.08,1523.38,1260.53,1465.05,421.62,1631.28,418.23,1297.5,1922.05,594.49,756.12,2156.19,475.35,1957.05
2024-01-01 00:06:50,99.87935530313841,99.90324138582069,575.9,824.64,1215.6,1201.11,662.81,1097.35,1128.41,830.46,613.02,560.13,418.07,1332.74,2038.45,474.26,1220.3,742.53,846.31,2353.52,770.53,1231.42
2024-01-01 00:06:51,99.83140809647631,99.85784394768885,2080.17,1211.16,1344.15,863.06,1774.3,458.09,746.88,1230.16,1025.66,1283.32,1222.75,1487.49,759.55,821.76,953.36,815.19,746.91,1328.49,1220.83,533.16
2024-01-01 00:06:52,99.82239830691525,99.8397231596437,516.49,1501.61,1331.07,923.0,1168.07,1157.8,903.34,3170.37,1252.02,872.88,833.21,1072.14,715.29,1015.09,1312.41,371.79,1341.12,1357.62,775.97,310.7
2024-01-01 00:06:53,99.83373134505982,99.85836747748826,743.4,1460.43,912.57,707.65,758.81,691.34,2143.76,980.96,1171.44,515.35,1007.33,945.53,627.28,578.14,1447.0,524.84,736.53,896.53,721.54,1843.67
2024-01-01 00:06:54,99.82694947597768,99.85375398391507,1471.54,1434.94,1213.69,761.94,286.01,921.4,924.15,762.24,1064.77,550.4,843.84,592.38,1083.48,1141.5,404.6,694.09,242.8,970.14,614.02,600.29
2024-01-01 00:06:55,99.83841564900986,99.85019941416057,1151.57,1485.7,199.39,1376.44,655.88,2177.8,382.36,1975.46,885.76,630.77,2661.66,650.52,897.1,1192.06,947.67,642.0,1521.38,1124.82,1010.71,841.05
2024-01-01 00:06:56,99.85456101921919,99.87762274381969,898.08,1581.41,1589.35,1604.21,1266.1,857.96,1155.25,400.63,932.96,1657.29,841.11,736.72,1581.83,988.33,845.16,933.93,1850.82,1211.74,592.4,732.57
2024-01-01 00:06:57,99.88024932603034,99.90504188229923,2048.06,571.59,1266.2,1078.72,616.15,1511.72,1289.8,940.26,722.42,938.82,1016.85,552.52,784.03,1293.09,935.7,1340.69,1601.14,947.79,1295.97,614.36
2024-01-01 00:06:58,99.88190966143624,99.90061602950429,569.68,1041.77,586.23,1086.48,1144.98,979.72,1187.2,581.84,713.75,1135.23,2215.9,1084.73,1501.92,1232.91,731.4,934.13,696.89,1899.85,892.34,999.05
2024-01-01 00:06:59,99.91136149720546,99.92530762931784,847.11,2008.74,1874.01,1117.88,1636.01,560.37,1017.69,1518.78,1403.48,833.52,1509.06,800.87,1029.56,1680.43,1223.0,535.42,1345.94,416.49,1276.09,896.23
2024-01-01 00:07:00,99.90781970704006,99.93253448582061,677.46,1162.68,712.59,1543.08,865.63,1075.11,702.34,324.54,478.76,615.39,1402.11,532.68,1189.11,389.61,511.87,918.44,886.51,1291.05,911.97,1625.16
2024-01-01 00:07:01,99.89642790402269,99.91043035988488,1095.24,1281.72,582.19,756.51,508.14,1718.03,1296.75,900.15,464.41,1030.69,890.18,718.11,849.56,884.69,940.22,810.1,1134.69,501.2,2223.95,1375.09
2024-01-01 00:07:02,99.88198700349608,99.90109524632354,449.44,1087.45,1550.06,1488.02,284.77,703.29,2007.43,1422.95,360.08,456.4,3381.09,1310.91,822.93,1402.0,1906.35,594.97,1719.58,1747.83,803.93,2179.82
2024-01-01 00:07:03,99.85203070480303,99.871830084514,835.37,750.2,657.98,2064.11,1482.43,427.05,809.18,934.14,663.99,270.61,1308.18,1591.73,638.53,465.25,848.33,376.96,1055.01,1140.16,725.27,1678.9
2024-01-01 00:07:04,99.83237887245458,99.8559565627131,782.1,816.9,2154.36,1070.53,902.92,2413.19,835.43,621.67,916.16,612.19,1255.12,1720.84,596.35,1118.7,1238.14,2038.92,1136.45,523.16,408.88,408.84
2024-01-01 00:07:05,99.82857396272114,99.84544080492357,2452.55,488.19,2075.92,1423.84,670.13,1822.63,570.52,1708.04,1120.78,1320.09,490.2,1870.88,1978.11,738.08,791.18,370.49,2249.94,445.55,662.19,483.55
2024-01-01 00:07:06,99.844790543432,99.86136762498785,945.44,380.01,1884.39,506.49,850.76,629.56,1145.73,1354.44,1726.9,1158.53,757.28,2125.99,532.13,538.05,482.22,1205.1,1338.72,1930.99,1214.57,774.57
2024-01-01 00:07:07,99.87724719213634,99.89774176953014,1700.35,800.43,871.95,1995.45,489.01,836.99,308.39,2047.49,4195.37,476.76,1301.43,2246.95,1070.79,1875.19,1149.49,619.9,488.86,857.18,672.04,537.66
2024-01-01 00:07:08,99.84733487433165,99.87236682671976,2390.89,781.31,1389.82,457.53,682.63,410.63,541.5,534.22,772.71,1679.37,854.09,394.53,2785.91,1986.52,910.16,1579.76,551.69,1932.29,971.12,1188.11
2024-01-01 00:07:09,99.85198877488926,99.88342602489254,1141.3,2280.91,527.15,488.14,1222.73,1982.13,1830.26,4575.53,1071.8,876.55,671.3,972.7,767.64,630.84,436.3,1033.75,935.27,1097.54,1168.11,306.82
2024-01-01 00:07:10,99.8406652241072,99.8531278181083,638.7,1358.0,2637.55,1741.59,1486.08,643.66,408.04,808.8,412.25,1528.22,611.4,628.39,2195.9,1450.1,1561.21,1153.77,2252.08,3213.77,1005.12,937.92
2024-01-01 00:07:11,99.84560210783255,99.86717881792148,900.55,765.75,535.93,1131.52,1191.06,1059.54,906.57,2261.38,889.29,2202.8,2245.72,694.35,938.78,908.36,1945.44,706.59,452.02,646.7,3834.57,195.86
2024-01-01 00:07:12,99.84648506742884,99.86105239229768,829.75,2326.62,1424.17,715.22,1542.09,800.07,779.83,3995.14,1506.09,726.08,1545.74,912.53,700.07,1142.91,704.23,1184.17,1022.91,733.93,943.89,1753.55
2024-01-01 00:07:13,99.8046035852383,99.82969764145433,2006.85,1083.61,1420.96,1057.77,965.4,714.0,1353.97,936.79,359.4,1628.01,735.17,1630.69,1154.78,806.9,1746.62,679.09,1105.04,1551.56,2073.25,1162.6
2024-01-01 00:07:14,99.82806291454595,99.8433701918094,1543.37,1550.26,783.36,616.03,932.38,989.33,1226.56,1552.19,799.06,700.43,2150.38,2569.3,574.44,2259.43,1171.23,903.1,1444.44,906.32,854.94,1174.2
2024-01-01 00:07:15,99.81530315946695,99.83192991837605,763.84,1088.7,962.67,1835.47,1500.8,643.77,778.86,647.19,585.99,1145.1,1777.65,1280.78,1220.97,982.22,1655.21,1564.79,1461.8,1981.15,2974.11,1452.91
2024-01-01 00:07:16,99.80441171130168,99.82146535700637,1746.28,1203.95,696.25,897.38,1265.08,1038.22,756.73,505.03,796.87,551.68,493.49,1876.41,866.71,2403.21,1313.27,505.04,967.53,1314.24,577.13,466.6
2024-01-01 00:07:17,99.78173398327505,99.80135298858144,466.96,2279.57,2874.63,991.69,1176.54,3524.15,662.3,727.38,1259.72,775.02,2987.97,1221.15,1363.74,1571.22,248.2,1500.23,3766.5,1627.43,396.68,893.15
2024-01-01 00:07:18,99.76764982640235,99.78926581438664,902.12,1636.83,567.39,3039.75,690.73,1492.73,1152.81,664.32,355.04,1237.98,955.88,375.74,1774.77,1420.74,655.98,434.43,499.0,1432.1,932.72,980.04
2024-01-01 00:07:19,99.77580637572436,99.79822488269241,844.36,1652.68,742.59,1024.56,552.02,2027.19,1296.4,1331.42,1346.67,1734.66,586.95,825.27,629.0,803.83,1070.63,498.12,617.25,566.21,1093.44,1049.66
2024-01-01 00:07:20,99.77324516125512,99.7932163235242,2083.45,1033.3,970.53,1222.65,545.09,708.56,1216.59,1088.83,915.0,1960.69,927.67,1242.23,1268.28,1020.24,1412.72,1153.79,1017.91,1862.64,970.12,1090.94
2024-01-01 00:07:21,99.7831287099914,99.7964792548792,2806.03,771.31,1822.62,775.16,1517.06,761.81,1067.8,752.32,604.79,1484.16,1757.15,2340.32,1074.81,815.22,749.32,636.94,885.53,529.85,616.87,2370.77
2024-01-01 00:07:22,99.7852229541381,99.80886188488967,1696.66,1621.31,1407.08,711.41,1095.07,1072.66,978.83,2016.76,711.53,968.66,344.72,1539.28,493.39,924.91,689.82,862.67,639.87,265.96,1155.67,816.86
2024-01-01 00:07:23,99.81358804928361,99.83332325596528,1500.42,764.86,937.8,1297.2,2022.75,1133.0,676.08,1103.94,934.48,1610.04,974.83,310.77,1726.49,975.55,1054.37,557.17,1069.07,534.84,437.18,864.77
2024-01-01 00:07:24,99.80369559263212,99.8295042665822,637.66,1010.88,1729.75,1285.54,354.28,1243.59,1957.16,661.5,1283.81,906.18,688.14,2051.42,659.66,2241.07,2580.49,857.74,2025.27,1047.52,942.03,638.81
2024-01-01 00:07:25,99.77883212021895,99.79529342632155,1069.61,1671.37,723.91,3183.59,1069.71,765.23,713.94,1800.58,961.49,1445.29,2472.34,919.52,953.32,706.07,592.14,3452.84,505.01,1466.79,1065.62,1614.95
2024-01-01 00:07:26,99.80241290842007,99.8144015347833,683.56,899.62,1131.23,1030.97,444.97,544.22,1412.17,1462.93,588.56,829.22,1023.42,598.54,844.38,652.16,2361.26,3337.78,1089.53,861.79,2645.17,1202.14
2024-01-01 00:07:27,99.79186252316644,99.81169239315302,1323.62,550.19,2039.5,909.79,900.87,503.96,1188.57,1204.32,1839.18,634.28,1572.21,1490.44,1304.08,408.67,848.77,729.03,923.68,1801.04,1766.2,2152.31
2024-01-01 00:07:28,99.81082942533058,99.837309188772,1960.02,1002.99,743.47,823.52,689.44,1059.98,636.31,2789.88,1514.14,874.4,628.3,1001.73,1505.01,590.7,1313.7,712.6,761.44,1246.45,2185.69,1562.92
2024-01-01 00:07:29,99.8213344939734,99.84213920465648,481.37,1163.23,2292.78,1514.89,1172.86,606.38,354.61,577.06,2216.52,1487.66,1625.97,788.14,807.26,555.85,617.32,1106.74,456.33,1043.86,3345.86,909.44
2024-01-01 00:07:30,99.8196132732088,99.83861492421295,630.22,2211.13,531.64,2553.15,1143.35,1615.9,440.9,1239.55,612.15,1993.81,1644.58,1082.09,1261.25,907.67,824.33,746.91,1009.2,676.3,801.53,1590.44
2024-01-01 00:07:31,99.82826548413594,99.84391374904764,969.48,471.93,683.24,742.94,748.17,837.9,736.87,494.75,695.63,822.26,1685.32,1047.99,1469.7,1671.35,627.39,776.46,550.35,1051.63,924.37,473.73
2024-01-01 00:07:32,99.86071545162763,99.88950428396102,2937.75,544.31,598.19,386.04,922.55,1631.4,1045.36,848.8,947.13,1116.81,795.25,1299.2,1781.65,1498.16,1255.12,2725.57,1526.39,979.55,1342.71,700.63
2024-01-01 00:07:33,99.90922348486261,99.92407547188817,1563.57,1417.89,2208.26,3259.09,1945.51,763.69,3197.6,672.0,1837.99,278.74,715.54,355.74,1527.54,2033.36,1426.49,916.9,2612.08,566.16,616.57,1001.52
2024-01-01 00:07:34,99.90985058672213,99.92622361543398,1321.78,3671.68,711.39,1002.1,1292.1,2604.78,898.19,625.96,1270.91,2075.39,494.03,755.38,1486.78,680.58,1108.52,625.14,1079.07,850.47,2651.47,1628.97
2024-01-01 00:07:35,99.90981582745418,99.93266599843462,825.93,785.96,1186.65,1707.16,1051.41,698.6,1104.09,959.8,3037.1,766.92,1032.42,2474.31,753.04,1295.33,2548.36,1152.7,857.41,869.85,448.17,747.18
2024-01-01 00:07:36,99.93740576781843,99.948125664369,690.44,604.54,536.18,1936.72,406.58,446.08,834.01,834.3,965.5,1554.69,1804.46,432.72,1369.85,1093.23,1338.99,647.07,639.8,1013.41,1556.54,919.18
2024-01-01 00:07:37,99.91266601877493,99.93903897210183,2004.94,323.86,1218.09,1375.74,1235.23,610.24,531.34,760.07,1694.21,1025.67,2436.14,1206.66,1175.24,1250.68,742.91,1485.03,922.2,291.18,810.41,1273.01
2024-01-01 00:07:38,99.92095342010519,99.94407438567627,835.08,1005.5,1382.64,758.29,1149.97,1140.3,1651.97,1584.51,1203.76,645.15,649.18,2015.76,778.53,1773.87,754.71,1203.3,910.98,542.51,2453.11,2937.3
2024-01-01 00:07:39,99.91974856825213,99.94424472361119,2657.67,1152.82,1519.38,1076.98,1061.18,1058.45,506.2,1318.22,1116.28,1589.58,673.68,987.51,2259.77,537.2,447.96,1677.77,1211.96,665.21,645.89,605.09
2024-01-01 00:07:40,99.92687951763094,99.94967010269067,995.25,968.66,1395.19,796.2,1666.93,1209.26,970.11,1329.84,1463.17,790.54,718.04,1062.51,1130.62,784.54,1650.54,1467.28,1180.63,1277.78,767.46,1431.53
2024-01-01 00:07:41,99.91201024283546,99.93120462524817,869.77,867.54,1661.68,1137.88,579.31,1290.5,623.66,1454.16,1350.93,1392.95,802.86,940.44,483.58,562.79,1964.84,1285.08,577.07,1253.59,905.1,576.99
2024-01-01 00:07:42,99.88247395595104,99.89715821240026,733.62,1527.06,861.71,1081.23,642.55,937.59,1429.24,1112.64,1056.98,1592.87,1635.3,2179.86,737.43,973.54,2905.23,891.2,385.84,1355.12,452.68,511.7
2024-01-01 00:07:43,99.83870660405888,99.85800622685277,2402.58,1539.04,1267.47,507.94,1186.13,502.99,1240.65,2174.17,1330.56,352.98,1161.7,1922.48,616.96,2181.17,1505.46,1185.05,1391.44,1353.74,2042.58,455.19
2024-01-01 00:07:44,99.81844682397542,99.83357064241665,2416.02,781.76,1179.67,1196.29,541.3,1178.99,2426.04,1248.79,601.05,1178.68,1184.1,1010.56,879.53,542.86,806.29,1192.45,1465.43,566.42,1130.01,833.27
2024-01-01 00:07:45,99.80561983922205,99.82805061577243,1292.55,2005.86,665.08,457.41,916.64,939.74,680.61,1543.6,905.26,1376.25,942.35,1165.11,2514.7,712.74,878.36,1925.95,345.49,542.27,2008.82,1414.06
2024-01-01 00:07:46,99.7989544461879,99.82298834534063,1251.86,1079.52,936.59,674.79,803.64,823.2,622.84,2473.33,2635.37,559.3,1026.26,414.8,419.42,726.89,1178.06,1229.34,1827.75,2037.88,1081.36,1012.73
2024-01-01 00:07:47,99.83602399743486,99.86340804059085,637.12,442.96,609.24,1048.95,632.13,1534.14,2140.05,1173.82,964.8,1280.03,431.99,392.2,1211.75,511.16,1073.06,935.23,798.96,1762.52,600.37,673.87
2024-01-01 00:07:48,99.86090646730962,99.8827653055124,587.46,1107.78,1721.71,1086.67,1131.74,593.72,1270.39,692.03,1130.18,987.48,1178.03,832.93,791.21,1507.26,902.2,810.27,1790.43,1558.21,2028.5,834.53
2024-01-01 00:07:49,99.84028262569268,99.86490550247566,542.78,1012.04,901.11,1491.76,1521.42,947.81,2562.64,808.11,2437.52,966.0,671.74,1563.04,1891.79,1180.37,1029.75,342.22,1685.75,696.94,1483.11,699.95
2024-01-01 00:07:50,99.85029109497626,99.86880537129011,531.54,1338.78,1316.51,383.61,1653.42,1150.12,989.97,1374.39,884.12,1374.49,455.74,958.54,1407.49,445.77,1110.02,879.32,630.59,2089.47,849.66,742.35
2024-01-01 00:07:51,99.84260236125121,99.86021097556116,1080.31,2975.51,756.3,1500.17,1001.34,930.99,416.88,1119.48,1963.47,1205.86,1007.99,749.33,577.14,813.08,292.34,2711.0,1672.91,2108.25,1321.87,827.88
2024-01-01 00:07:52,99.83453521191834,99.85690357137241,1111.09,677.45,1540.06,450.87,1537.95,2939.64,1102.1,1668.87,880.64,1864.92,811.74,762.09,1234.26,737.41,2010.77,630.81,949.85,205.98,2092.25,645.79
2024-01-01 00:07:53,99.84039208681548,99.8584597224519,1205.12,1173.27,1209.67,1132.24,3328.61,734.86,2284.94,1387.25,2314.76,713.85,671.12,1467.94,2992.45,1458.52,959.73,1506.19,892.48,1037.62,339.72,664.92
2024-01-01 00:07:54,99.85113636250114,99.87248229144527,1177.21,550.93,581.77,338.13,1226.45,1460.22,559.46,430.45,2456.78,934.7,1317.57,1115.16,3126.57,585.93,599.59,940.25,2169.7,1172.91,406.02,872.25
2024-01-01 00:07:55,99.84767713776886,99.86237117682218,1109.64,1258.85,729.2,800.67,799.33,870.32,772.4,641.22,632.95,934.44,532.67,1003.04,801.55,630.07,1059.73,1239.21,1789.34,291.49,1159.14,1717.73
2024-01-01 00:07:56,99.8685052571564,99.88409711874401,1791.89,492.26,477.55,1682.39,805.34,1363.76,1426.9,1659.14,1187.2,569.45,650.13,903.21,1595.26,1158.25,766.72,1238.6,677.95,1522.08,1275.67,1384.96
2024-01-01 00:07:57,99.84187390017482,99.8650509466799,1003.09,1268.56,769.93,1278.49,756.97,1407.59,585.73,1009.97,820.47,1773.47,1733.26,962.25,1130.07,429.28,1614.94,1863.93,1294.38,1263.66,736.3,928.22
2024-01-01 00:07:58,99.8413724794861,99.86580592986311,438.42,1058.69,629.12,2124.46,714.9,1051.3,687.78,2137.27,1633.15,1265.96,1624.65,834.09,3022.06,519.51,682.59,1046.75,2222.7,1929.13,2215.84,752.58
2024-01-01 00:07:59,99.89800681962893,99.9130785387841,890.36,1201.16,1267.16,2154.43,1859.61,412.12,970.97,1219.91,934.08,1319.2,730.76,1194.88,307.27,426.57,1035.86,684.11,701.22,352.43,584.11,517.45
2024-01-01 00:08:00,99.89832773828276,99.92168080983528,1235.03,1524.78,484.01,847.9,1496.37,1506.25,1273.54,1465.61,818.65,570.17,968.84,1088.32,551.5,452.43,1455.24,1147.24,1098.21,1235.98,1139.88,892.52
2024-01-01 00:08:01,99.93000040337374,99.94733672500855,1285.24,431.26,725.27,475.28,467.89,3565.53,1613.91,1364.38,1411.09,869.86,765.15,1616.0,1226.98,2087.19,1875.71,1831.74,1767.12,907.79,754.06,846.25
2024-01-01 00:08:02,99.9304577048141,99.95054023069511,475.03,1488.76,517.57,888.95,855.68,1820.89,2077.49,1057.65,694.74,1486.98,742.18,1681.66,734.58,522.32,766.54,1075.57,994.4,1775.61,527.28,668.08
2024-01-01 00:08:03,99.93857214862173,99.96565687070067,1719.75,760.36,930.15,1823.41,3454.12,2146.74,556.11,171.91,2214.29,1820.91,2005.06,312.73,813.96,968.93,820.76,500.13,630.87,760.5,634.5,1053.88
2024-01-01 00:08:04,99.93896012768829,99.96299756385841,999.7,1303.93,1010.4,2043.58,448.8,510.36,3147.95,1782.68,878.31,870.34,1033.35,879.65,731.16,2340.15,875.02,1523.82,836.16,431.21,998.54,961.59
2024-01-01 00:08:05,99.93558101418002,99.95956037412013,992.73,688.08,1495.46,804.67,1120.32,936.4,1422.11,1260.64,995.11,533.84,1122.58,895.05,886.34,820.9,1651.29,1211.77,1175.05,973.86,924.01,1598.2
2024-01-01 00:08:06,99.91720907031942,99.9467530221117,910.32,1138.02,946.85,1352.07,1015.34,1123.5,972.21,562.83,756.22,829.16,1465.87,715.79,1512.91,1461.47,2439.83,1530.73,739.47,959.89,1395.45,1075.33
2024-01-01 00:08:07,99.93234677174733,99.94882737504209,384.98,453.96,1513.65,822.93,482.73,286.21,611.3,1498.66,1180.71,3047.95,732.9,765.98,684.42,1121.22,784.74,1231.97,1440.24,566.5,627.23,936.38
2024-01-01 00:08:08,99.91602101704846,99.93109164217351,973.29,1263.47,827.51,1088.17,1506.74,1030.24,1528.0,862.27,399.46,664.94,1686.33,1402.13,736.84,2411.35,1125.41,366.89,625.34,340.74,1203.9,544.84
